
@inproceedings{my_first_conference,
	title = {My first conference paper},
	author = {{Surname}, {Name}},
	year = {2015},
	booktitle = {1st International conference on my research field ({ICRF})},
	pages = {1--8}
}

@article{my_first_journal,
	title = {My first journal paper},
	author = {{Surname}, {Name}},
	year = {2015},	
	journal = {Journal of the field in which I am doing my research},
	number = {1},
	volume = {1},	
	pages = {pp. 1--20}
}