
@misc{senate_regulation_25,
  title={Senate Regulation 25: Physical Format, Binding and Retention of Theses},
  author={Anon.},
  year={2015},
  publisher={City University London},
  howpublished 	= {\textbf{url}: \url{www.city.ac.uk/about/city-information/governance/constitution/senate-regulations}}
}


@book{lamport_latex_1994,
  title={Latex, A document preparation system},
  author={Lamport, Leslie},
  year={1994},
  edition = {$2^{nd}$},
  publisher={Addison-Wesley, Reading, MA}
}


@misc{fancyhdr_doc,
  title={Phancyhdr package documentation},
  author={{van Oostrum}, Piet},
  year={2004},
  publisher={Utrecht University},
  howpublished 	= {\textbf{url}: \url{http://texdoc.net/texmf-dist/doc/latex/fancyhdr/fancyhdr.pdf}}
}