@conference{maini_talk_2023,
    title        = {Plenary Talk},
    author       = {Maini, Philip K.},
    year         = 2023,
    organization = {Mathematical Biology Conference, UCL},
}

@article{salehi_clonal_2021,
    author = {Sohrab Salehi and Farhia Kabeer and Nicholas Ceglia and Mirela
        Andronescu and Marc J. Williams and Kieran R. Campbell and Tehmina
            Masud and Beixi Wang and Justina Biele and Jazmine Brimhall and
            David Gee and Hakwoo Lee and Jerome Ting and Allen W. Zhang and Hoa
            Tran and Ciara O’Flanagan and Fatemeh Dorri and Nicole Rusk and
            Teresa Ruiz de Algara and So Ra Lee and Brian Yu Chieh Cheng and
            Peter Eirew and Takako Kono and Jenifer Pham and Diljot Grewal and
            Daniel Lai and Richard Moore and Andrew J. Mungall and Marco A.
            Marra and IMAXT Consortium and Andrew McPherson and Alexandre
            Bouchard-Côté and Samuel Aparicio and Sohrab P. Shah},
    title = {{Clonal fitness inferred from time-series modelling of single-cell
        cancer genomes}},
    volume = {595},
    pages = {585--590},
    year = {2021},
    journal = {Nature},
    doi = {10.1038/s41586-021-03648-3},
}

@article{chen_new_2009,
    author = {Bo Chen and Daniel Ford and Matthias Winkel},
    title = {{A new family of Markov branching trees: the alpha-gamma model}},
    volume = {14},
    journal = {Electronic Journal of Probability},
    number = {none},
    publisher = {Institute of Mathematical Statistics and Bernoulli Society},
    pages = {400 -- 430},
    keywords = {Alpha-gamma tree, Continuum random tree, dislocation measure, Markov branching model, R-tree, sampling consistency, Self-similar fragmentation, splitting rule},
    year = {2009},
    doi = {10.1214/EJP.v14-616},
}

@article{aldous_continuum_1991,
	title        = {The Continuum Random Tree. I},
	author       = {Aldous, David},
	volume       = 19,
	number       = 1,
	doi          = {10.1214/aop/1176990534},
	issn         = {0091-1798},
	url          = {https://projecteuclid.org/journals/annals-of-probability/volume-19/issue-1/The-Continuum-Random-Tree-I/10.1214/aop/1176990534.full},
	urldate      = {2021},
	journaltitle = {The Annals of Probability},
	shortjournal = {Ann. Probab.},
	year         = {1991},
	langid       = {english},
}

@article{rosenberg_mean_2006,
	title        = {The Mean and Variance of the Numbers of r-Pronged Nodes and r-Caterpillars in Yule-Generated Genealogical Trees},
	author       = {Rosenberg, Noah A.},
	volume       = 10,
	number       = 1,
	pages        = {129--146},
	doi          = {10.1007/s00026-6},
	issn         = {0218-0006, 0219-3094},
	url          = {http://link.springer.com/10.1007/s00026-6},
	urldate      = {2021},
	journaltitle = {Annals of Combinatorics},
	shortjournal = {Ann. Comb.},
	year         = {2006},
	langid       = {english},
}

@article{steel_properties_2001,
	title        = {Properties of phylogenetic trees generated by Yule-type speciation models q},
	author       = {Steel, Mike and {McKenzie}, Andy},
	pages        = 22,
	journaltitle = {Mathematical Biosciences},
	year         = 2001,
	langid       = {english},
}

@report{scott_inferring_2018,
	title        = {Inferring Tumour Proliferative Organisation from Phylogenetic Tree Measures in a Computational Model},
	author       = {Scott, Jacob G. and Maini, Philip K. and Anderson, Alexander R. A. and Fletcher, Alexander G.},
	doi          = {10.1101/334946},
	url          = {http://biorxiv.org/lookup/doi/10.1101/334946},
	urldate      = {2021},
	institution  = {Cancer Biology},
	type         = {preprint},
	year         = {2018},
	langid       = {english},
}

@article{maley_classifying_2017,
	title        = {Classifying the evolutionary and ecological features of neoplasms},
	author       = {Maley, Carlo C. and Aktipis, Athena and Graham, Trevor A. and Sottoriva, Andrea and Boddy, Amy M. and Janiszewska, Michalina and Silva, Ariosto S. and Gerlinger, Marco and Yuan, Yinyin and Pienta, Kenneth J. and Anderson, Karen S. and Gatenby, Robert and Swanton, Charles and Posada, David and Wu, Chung-I and Schiffman, Joshua D. and Hwang, E. Shelley and Polyak, Kornelia and Anderson, Alexander R. A. and Brown, Joel S. and Greaves, Mel and Shibata, Darryl},
	volume       = 17,
	number       = 10,
	pages        = {605--619},
	doi          = {10.1038/nrc.2017.69},
	issn         = {1474-175X, 1474-1768},
	url          = {http://www.nature.com/articles/nrc.2017.69},
	urldate      = {2021},
	journaltitle = {Nature Reviews Cancer},
	shortjournal = {Nat Rev Cancer},
	year         = {2017},
	langid       = {english},
}

@article{matsui_phyc_nodate,
	title        = {{phyC}: Clustering cancer evolutionary trees},
	author       = {Matsui, Yusuke and Niida, Atsushi and Uchi, Ryutaro and Mimori, Koshi and Shimamura, Teppei},
	pages        = 7,
	langid       = {english},
}

@article{dinardo_distance_2020,
	title        = {Distance measures for tumor evolutionary trees},
	author       = {{DiNardo}, Zach and Tomlinson, Kiran and Ritz, Anna and Oesper, Layla},
	volume       = 36,
	number       = 7,
	pages        = {2090--2097},
	doi          = {10.1093/bioinformatics/btz869},
	issn         = {1367-4803, 1460-2059},
	url          = {https://academic.oup.com/bioinformatics/article/36/7/2090/5637226},
	urldate      = {2021},
	journaltitle = {Bioinformatics},
	editor       = {Ponty, Yann},
	year         = {2020},
	langid       = {english},
}

@incollection{nakano_tree_2016,
	title        = {Tree Enumeration},
	author       = {Nakano, Shin-ichi},
	booktitle    = {Encyclopedia of Algorithms},
	location     = {New York, {NY}},
	publisher    = {Springer},
	pages        = {2252--2254},
	doi          = {10.1007/978_726},
	isbn         = {978},
	url          = {https://doi.org/10.1007/978\%5F726},
	urldate      = {2021},
	editor       = {Kao, Ming-Yang},
	year         = 2016,
	langid       = {english},
}

@article{rousset_genetic_nodate,
	title        = {Genetic Structure and Selection in Subdivided Populations},
	author       = {Rousset, François},
	pages        = 281,
	langid       = {english},
}

@book{bondy_graph_2008,
	title        = {Graph Theory},
	author       = {Bondy, J. A. and Murty, U. S. R.},
	location     = {London},
	publisher    = {Springer London},
	series       = {Graduate Texts in Mathematics},
	volume       = 244,
	doi          = {10.1007/978},
	isbn         = {978 978},
	url          = {http://link.springer.com/10.1007/978},
	urldate      = {2021},
	editorb      = {Axler, S. and Ribet, K. A.},
	editorbtype  = {redactor},
	year         = 2008,
	langid       = {english},
}

@article{etheridge_spatial_nodate,
	title        = {Spatial population models},
	author       = {Etheridge, Alison},
	pages        = 112,
	langid       = {english},
}

@article{coop_population_nodate,
	title        = {Population {andQuantitative} Genetics},
	author       = {Coop, Graham},
	pages        = 279,
	langid       = {english},
}

@article{broom_game-theoretical_nodate,
	title        = {Game-Theoretical Models in Biology},
	author       = {Broom, Mark and Rychtář, Jan},
	pages        = 516,
	langid       = {english},
}

@book{bacaer_short_2011,
	title        = {A Short History of Mathematical Population Dynamics},
	author       = {Bacaër, Nicolas},
	location     = {London},
	publisher    = {Springer London},
	doi          = {10.1007/978},
	isbn         = {978 978},
	url          = {http://link.springer.com/10.1007/978},
	urldate      = {2021},
	year         = 2011,
	langid       = {english},
}

@collection{kroc_simulating_2010,
	title        = {Simulating Complex Systems by Cellular Automata},
	location     = {Berlin, Heidelberg},
	publisher    = {Springer Berlin Heidelberg},
	series       = {Understanding Complex Systems},
	doi          = {10.1007/978},
	isbn         = {978 978},
	url          = {http://link.springer.com/10.1007/978},
	urldate      = {2021},
	editor       = {Kroc, Jiri and Sloot, Peter M.A. and Hoekstra, Alfons G.},
	year         = 2010,
	langid       = {english},
}

@article{griffiths_age_1998,
	title        = {The age of a mutation in a general coalescent tree},
	author       = {Griffiths, R.C. and Tavaré, Simon},
	volume       = 14,
	number       = 1,
	pages        = {273--295},
	doi          = {10.1080/15326349808807471},
	issn         = {0882-0287},
	url          = {http://www.tandfonline.com/doi/abs/10.1080/15326349808807471},
	urldate      = {2021},
	journaltitle = {Communications in Statistics. Stochastic Models},
	shortjournal = {Communications in Statistics. Stochastic Models},
	year         = {1998},
	langid       = {english},
}

@article{nunney_petos_2015,
	title        = {Peto's paradox and the hallmarks of cancer: constructing an evolutionary framework for understanding the incidence of cancer},
	shorttitle   = {Peto's paradox and the hallmarks of cancer},
	author       = {Nunney, L. and Muir, B.},
	volume       = 370,
	number       = 1673,
	pages        = 20150161,
	doi          = {10.1098/rstb.2015.0161},
	issn         = {0962-8436, 1471-2970},
	url          = {https://royalsocietypublishing.org/doi/10.1098/rstb.2015.0161},
	urldate      = {2021},
	journaltitle = {Philosophical Transactions of the Royal Society B: Biological Sciences},
	shortjournal = {Phil. Trans. R. Soc. B},
	year         = {2015},
	langid       = {english},
}

@article{brown_inclusive_2015,
	title        = {Inclusive fitness effects can select for cancer suppression into old age},
	author       = {Brown, Joel S. and Aktipis, C. Athena},
	volume       = 370,
	number       = 1673,
	pages        = 20150160,
	doi          = {10.1098/rstb.2015.0160},
	issn         = {0962-8436, 1471-2970},
	url          = {https://royalsocietypublishing.org/doi/10.1098/rstb.2015.0160},
	urldate      = {2021},
	journaltitle = {Philosophical Transactions of the Royal Society B: Biological Sciences},
	shortjournal = {Phil. Trans. R. Soc. B},
	year         = {2015},
	langid       = {english},
}

@article{noble_petos_2015,
	title        = {Peto's paradox and human cancers},
	author       = {Noble, Robert and Kaltz, Oliver and Hochberg, Michael E.},
	volume       = 370,
	number       = 1673,
	pages        = 20150104,
	doi          = {10.1098/rstb.2015.0104},
	issn         = {0962-8436, 1471-2970},
	url          = {https://royalsocietypublishing.org/doi/10.1098/rstb.2015.0104},
	urldate      = {2021},
	journaltitle = {Philosophical Transactions of the Royal Society B: Biological Sciences},
	shortjournal = {Phil. Trans. R. Soc. B},
	year         = {2015},
	langid       = {english},
}

@article{kokko_towards_2015,
	title        = {Towards cancer-aware life-history modelling},
	author       = {Kokko, Hanna and Hochberg, Michael E.},
	volume       = 370,
	number       = 1673,
	pages        = 20140234,
	doi          = {10.1098/rstb.2014.0234},
	issn         = {0962-8436, 1471-2970},
	url          = {https://royalsocietypublishing.org/doi/10.1098/rstb.2014.0234},
	urldate      = {2021},
	journaltitle = {Philosophical Transactions of the Royal Society B: Biological Sciences},
	shortjournal = {Phil. Trans. R. Soc. B},
	year         = {2015},
	langid       = {english},
}

@article{lawrence_species_2015,
	title        = {Species differences in tumour responses to cancer chemotherapy},
	author       = {Lawrence, Jessica and Cameron, David and Argyle, David},
	volume       = 370,
	number       = 1673,
	pages        = 20140233,
	doi          = {10.1098/rstb.2014.0233},
	issn         = {0962-8436, 1471-2970},
	url          = {https://royalsocietypublishing.org/doi/10.1098/rstb.2014.0233},
	urldate      = {2021},
	journaltitle = {Philosophical Transactions of the Royal Society B: Biological Sciences},
	shortjournal = {Phil. Trans. R. Soc. B},
	year         = {2015},
	langid       = {english},
}

@article{schiffman_comparative_2015,
	title        = {Comparative oncology: what dogs and other species can teach us about humans with cancer},
	shorttitle   = {Comparative oncology},
	author       = {Schiffman, Joshua D. and Breen, Matthew},
	volume       = 370,
	number       = 1673,
	pages        = 20140231,
	doi          = {10.1098/rstb.2014.0231},
	issn         = {0962-8436, 1471-2970},
	url          = {https://royalsocietypublishing.org/doi/10.1098/rstb.2014.0231},
	urldate      = {2021},
	journaltitle = {Philosophical Transactions of the Royal Society B: Biological Sciences},
	shortjournal = {Phil. Trans. R. Soc. B},
	year         = {2015},
	langid       = {english},
}

@article{guy_golden_2015,
	title        = {The Golden Retriever Lifetime Study: establishing an observational cohort study with translational relevance for human health},
	shorttitle   = {The Golden Retriever Lifetime Study},
	author       = {Guy, Michael K. and Page, Rodney L. and Jensen, Wayne A. and Olson, Patricia N. and Haworth, J. David and Searfoss, Erin E. and Brown, Diane E.},
	volume       = 370,
	number       = 1673,
	pages        = 20140230,
	doi          = {10.1098/rstb.2014.0230},
	issn         = {0962-8436, 1471-2970},
	url          = {https://royalsocietypublishing.org/doi/10.1098/rstb.2014.0230},
	urldate      = {2021},
	journaltitle = {Philosophical Transactions of the Royal Society B: Biological Sciences},
	shortjournal = {Phil. Trans. R. Soc. B},
	year         = {2015},
	langid       = {english},
}

@article{browning_common_2015,
	title        = {Common cancer in a wild animal: the California sea lion ( \textit{Zalophus californianus} ) as an emerging model for carcinogenesis},
	shorttitle   = {Common cancer in a wild animal},
	author       = {Browning, Helen M. and Gulland, Frances M. D. and Hammond, John A. and Colegrove, Kathleen M. and Hall, Ailsa J.},
	volume       = 370,
	number       = 1673,
	pages        = 20140228,
	doi          = {10.1098/rstb.2014.0228},
	issn         = {0962-8436, 1471-2970},
	url          = {https://royalsocietypublishing.org/doi/10.1098/rstb.2014.0228},
	urldate      = {2021},
	journaltitle = {Philosophical Transactions of the Royal Society B: Biological Sciences},
	shortjournal = {Phil. Trans. R. Soc. B},
	year         = {2015},
	langid       = {english},
}

@article{varki_apparent_2015,
	title        = {On the apparent rarity of epithelial cancers in captive chimpanzees},
	author       = {Varki, Nissi M. and Varki, Ajit},
	volume       = 370,
	number       = 1673,
	pages        = 20140225,
	doi          = {10.1098/rstb.2014.0225},
	issn         = {0962-8436, 1471-2970},
	url          = {https://royalsocietypublishing.org/doi/10.1098/rstb.2014.0225},
	urldate      = {2021},
	journaltitle = {Philosophical Transactions of the Royal Society B: Biological Sciences},
	shortjournal = {Phil. Trans. R. Soc. B},
	year         = {2015},
	langid       = {english},
}

@article{ewald_infection_2015,
	title        = {Infection and cancer in multicellular organisms},
	author       = {Ewald, Paul W. and Swain Ewald, Holly A.},
	volume       = 370,
	number       = 1673,
	pages        = 20140224,
	doi          = {10.1098/rstb.2014.0224},
	issn         = {0962-8436, 1471-2970},
	url          = {https://royalsocietypublishing.org/doi/10.1098/rstb.2014.0224},
	urldate      = {2021},
	journaltitle = {Philosophical Transactions of the Royal Society B: Biological Sciences},
	shortjournal = {Phil. Trans. R. Soc. B},
	year         = {2015},
	langid       = {english},
}

@article{dang_metabolic_2015,
	title        = {A metabolic perspective of Peto's paradox and cancer},
	author       = {Dang, Chi V.},
	volume       = 370,
	number       = 1673,
	pages        = 20140223,
	doi          = {10.1098/rstb.2014.0223},
	issn         = {0962-8436, 1471-2970},
	url          = {https://royalsocietypublishing.org/doi/10.1098/rstb.2014.0223},
	urldate      = {2021},
	journaltitle = {Philosophical Transactions of the Royal Society B: Biological Sciences},
	shortjournal = {Phil. Trans. R. Soc. B},
	year         = {2015},
	langid       = {english},
}

@article{caulin_solutions_2015,
	title        = {Solutions to Peto's paradox revealed by mathematical modelling and cross-species cancer gene analysis},
	author       = {Caulin, Aleah F. and Graham, Trevor A. and Wang, Li-San and Maley, Carlo C.},
	volume       = 370,
	number       = 1673,
	pages        = 20140222,
	doi          = {10.1098/rstb.2014.0222},
	issn         = {0962-8436, 1471-2970},
	url          = {https://royalsocietypublishing.org/doi/10.1098/rstb.2014.0222},
	urldate      = {2021},
	journaltitle = {Philosophical Transactions of the Royal Society B: Biological Sciences},
	shortjournal = {Phil. Trans. R. Soc. B},
	year         = {2015},
	langid       = {english},
}

@article{brown_multiple_2015,
	title        = {The multiple facets of Peto's paradox: a life-history model for the evolution of cancer suppression},
	shorttitle   = {The multiple facets of Peto's paradox},
	author       = {Brown, Joel S. and Cunningham, Jessica J. and Gatenby, Robert A.},
	volume       = 370,
	number       = 1673,
	pages        = 20140221,
	doi          = {10.1098/rstb.2014.0221},
	issn         = {0962-8436, 1471-2970},
	url          = {https://royalsocietypublishing.org/doi/10.1098/rstb.2014.0221},
	urldate      = {2021},
	journaltitle = {Philosophical Transactions of the Royal Society B: Biological Sciences},
	shortjournal = {Phil. Trans. R. Soc. B},
	year         = {2015},
	langid       = {english},
}

@article{boddy_cancer_2015,
	title        = {Cancer susceptibility and reproductive trade-offs: a model of the evolution of cancer defences},
	shorttitle   = {Cancer susceptibility and reproductive trade-offs},
	author       = {Boddy, Amy M. and Kokko, Hanna and Breden, Felix and Wilkinson, Gerald S. and Aktipis, C. Athena},
	volume       = 370,
	number       = 1673,
	pages        = 20140220,
	doi          = {10.1098/rstb.2014.0220},
	issn         = {0962-8436, 1471-2970},
	url          = {https://royalsocietypublishing.org/doi/10.1098/rstb.2014.0220},
	urldate      = {2021},
	journaltitle = {Philosophical Transactions of the Royal Society B: Biological Sciences},
	shortjournal = {Phil. Trans. R. Soc. B},
	year         = {2015},
	langid       = {english},
}

@article{aktipis_cancer_2015,
	title        = {Cancer across the tree of life: cooperation and cheating in multicellularity},
	shorttitle   = {Cancer across the tree of life},
	author       = {Aktipis, C. Athena and Boddy, Amy M. and Jansen, Gunther and Hibner, Urszula and Hochberg, Michael E. and Maley, Carlo C. and Wilkinson, Gerald S.},
	volume       = 370,
	number       = 1673,
	pages        = 20140219,
	doi          = {10.1098/rstb.2014.0219},
	issn         = {0962-8436, 1471-2970},
	url          = {https://royalsocietypublishing.org/doi/10.1098/rstb.2014.0219},
	urldate      = {2021},
	journaltitle = {Philosophical Transactions of the Royal Society B: Biological Sciences},
	shortjournal = {Phil. Trans. R. Soc. B},
	year         = {2015},
	langid       = {english},
}

@article{haig_maternalfetal_2015,
	title        = {Maternal–fetal conflict, genomic imprinting and mammalian vulnerabilities to cancer},
	author       = {Haig, David},
	volume       = 370,
	number       = 1673,
	pages        = 20140178,
	doi          = {10.1098/rstb.2014.0178},
	issn         = {0962-8436, 1471-2970},
	url          = {https://royalsocietypublishing.org/doi/10.1098/rstb.2014.0178},
	urldate      = {2021},
	journaltitle = {Philosophical Transactions of the Royal Society B: Biological Sciences},
	shortjournal = {Phil. Trans. R. Soc. B},
	year         = {2015},
	langid       = {english},
}

@article{nunney_petos_2015-1,
	title        = {Peto's paradox and the promise of comparative oncology},
	author       = {Nunney, Leonard and Maley, Carlo C. and Breen, Matthew and Hochberg, Michael E. and Schiffman, Joshua D.},
	volume       = 370,
	number       = 1673,
	pages        = 20140177,
	doi          = {10.1098/rstb.2014.0177},
	issn         = {0962-8436, 1471-2970},
	url          = {https://royalsocietypublishing.org/doi/10.1098/rstb.2014.0177},
	urldate      = {2021},
	journaltitle = {Philosophical Transactions of the Royal Society B: Biological Sciences},
	shortjournal = {Phil. Trans. R. Soc. B},
	year         = {2015},
	langid       = {english},
}

@article{peto_quantitative_2015,
	title        = {Quantitative implications of the approximate irrelevance of mammalian body size and lifespan to lifelong cancer risk},
	author       = {Peto, Richard},
	volume       = 370,
	number       = 1673,
	pages        = 20150198,
	doi          = {10.1098/rstb.2015.0198},
	issn         = {0962-8436, 1471-2970},
	url          = {https://royalsocietypublishing.org/doi/10.1098/rstb.2015.0198},
	urldate      = {2021},
	journaltitle = {Philosophical Transactions of the Royal Society B: Biological Sciences},
	shortjournal = {Phil. Trans. R. Soc. B},
	year         = {2015},
	langid       = {english},
}

@report{erten_bird_2020,
	title        = {Bird size with dinosaur-level cancer defences: can evolutionary lags during miniaturisation explain cancer robustness in birds?},
	shorttitle   = {Bird size with dinosaur-level cancer defences},
	author       = {Erten, E. Yagmur and Tollis, Marc and Kokko, Hanna},
	doi          = {10.1101/2020.10.22.345439},
	url          = {http://biorxiv.org/lookup/doi/10.1101/2020.10.22.345439},
	urldate      = {2021},
	institution  = {Evolutionary Biology},
	type         = {preprint},
	year         = {2020},
	langid       = {english},
}

@report{gabbutt_reconstruction_2021,
	title        = {Reconstruction of Contemporary Human Stem Cell Dynamics with Oscillatory Molecular Clocks},
	author       = {Gabbutt, Calum and Schenck, Ryan O and Weisenberger, Dan and Kimberley, Christopher and Berner, Alison and Househam, Jacob and Lakatos, Eszter and Robertson-Tessi, Mark and Martin, Isabel and Patel, Roshani and Clark, Sue and Latchford, Andrew and Barnes, Christopher and Leedham, Simon J and Anderson, Alexander {RA} and Graham, Trevor A and Shibata, Darryl},
	doi          = {10.1101/2021.03.15.435426},
	url          = {http://biorxiv.org/lookup/doi/10.1101/2021.03.15.435426},
	urldate      = {2021},
	institution  = {Bioinformatics},
	type         = {preprint},
	year         = {2021},
	langid       = {english},
}

@article{wodarz_mutant_2020,
	title        = {Mutant Evolution in Spatially Structured and Fragmented Expanding Populations},
	author       = {Wodarz, Dominik and Komarova, Natalia L},
	volume       = 216,
	number       = 1,
	pages        = {191--203},
	doi          = {10.1534/genetics.120.303422},
	issn         = {1943-2631},
	url          = {https://academic.oup.com/genetics/article/216/1/191/6065597},
	urldate      = {2021},
	journaltitle = {Genetics},
	year         = {2020},
	langid       = {english},
}

@article{yates_blending_2020,
	title        = {The blending region hybrid framework for the simulation of stochastic reaction–diffusion processes},
	author       = {Yates, Christian A. and George, Adam and Jordana, Armand and Smith, Cameron A. and Duncan, Andrew B. and Zygalakis, Konstantinos C.},
	volume       = 17,
	number       = 171,
	pages        = 20200563,
	doi          = {10.1098/rsif.2020.0563},
	issn         = {1742-5689, 1742-5662},
	url          = {https://royalsocietypublishing.org/doi/10.1098/rsif.2020.0563},
	urldate      = {2021},
	journaltitle = {Journal of The Royal Society Interface},
	shortjournal = {J. R. Soc. Interface.},
	year         = {2020},
	langid       = {english},
}

@article{beerenwinkel_cancer_2015,
	title        = {Cancer Evolution: Mathematical Models and Computational Inference},
	shorttitle   = {Cancer Evolution},
	author       = {Beerenwinkel, Niko and Schwarz, Roland F. and Gerstung, Moritz and Markowetz, Florian},
	volume       = 64,
	number       = 1,
	pages        = {e1--e25},
	doi          = {10.1093/sysbio/syu081},
	issn         = {1076-836X, 1063-5157},
	url          = {https://academic.oup.com/sysbio/article/64/1/e1/2848310},
	urldate      = {2021},
	journaltitle = {Systematic Biology},
	year         = {2015},
	langid       = {english},
}

@incollection{turksen_agent-based_2016,
	title        = {Agent-Based Modeling of Cancer Stem Cell Driven Solid Tumor Growth},
	author       = {Poleszczuk, Jan and Macklin, Paul and Enderling, Heiko},
	booktitle    = {Stem Cell Heterogeneity},
	location     = {New York, {NY}},
	publisher    = {Springer New York},
	volume       = 1516,
	pages        = {335--346},
	doi          = {10.1007/7651_2016_346},
	isbn         = {978 978},
	url          = {http://link.springer.com/10.1007/7651\%5F2016\%5F346},
	urldate      = {2021},
	editor       = {Turksen, Kursad},
	year         = 2016,
	langid       = {english},
}

@article{martens_spatial_2011,
	title        = {Spatial structure increases the waiting time for cancer},
	author       = {Martens, Erik A and Kostadinov, Rumen and Maley, Carlo C and Hallatschek, Oskar},
	volume       = 13,
	number       = 11,
	pages        = 115014,
	doi          = {10.1088/1367-2630/13/11/115014},
	issn         = {1367-2630},
	url          = {https://iopscience.iop.org/article/10.1088/1367-2630/13/11/115014},
	urldate      = {2021},
	journaltitle = {New Journal of Physics},
	shortjournal = {New J. Phys.},
	year         = {2011},
	langid       = {english},
}

@article{murphy_one-dimensional_2019,
	title        = {A one-dimensional individual-based mechanical model of cell movement in heterogeneous tissues and its coarse-grained approximation},
	author       = {Murphy, R. J. and Buenzli, P. R. and Baker, R. E. and Simpson, M. J.},
	volume       = 475,
	number       = 2227,
	pages        = 20180838,
	doi          = {10.1098/rspa.2018.0838},
	issn         = {1364-5021, 1471-2946},
	url          = {https://royalsocietypublishing.org/doi/10.1098/rspa.2018.0838},
	urldate      = {2021},
	journaltitle = {Proceedings of the Royal Society A: Mathematical, Physical and Engineering Sciences},
	shortjournal = {Proc. R. Soc. A.},
	year         = {2019},
	langid       = {english},
}

@article{metzcar_review_2019,
	title        = {A Review of Cell-Based Computational Modeling in Cancer Biology},
	author       = {Metzcar, John and Wang, Yafei and Heiland, Randy and Macklin, Paul},
	number       = 3,
	pages        = {1--13},
	doi          = {10.1200/CCI.18.00069},
	issn         = {2473-4276},
	url          = {https://ascopubs.org/doi/10.1200/CCI.18.00069},
	urldate      = {2021},
	journaltitle = {{JCO} Clinical Cancer Informatics},
	shortjournal = {{JCO} Clinical Cancer Informatics},
	year         = {2019},
	langid       = {english},
}

@article{osborne_comparing_2017,
	title        = {Comparing individual-based approaches to modelling the self-organization of multicellular tissues},
	author       = {Osborne, James M. and Fletcher, Alexander G. and Pitt-Francis, Joe M. and Maini, Philip K. and Gavaghan, David J.},
	volume       = 13,
	number       = 2,
	pages        = {e1005387},
	doi          = {10.1371/journal.pcbi.1005387},
	issn         = {1553-7358},
	url          = {https://dx.plos.org/10.1371/journal.pcbi.1005387},
	urldate      = {2021},
	journaltitle = {{PLOS} Computational Biology},
	shortjournal = {{PLoS} Comput Biol},
	editor       = {Nie, Qing},
	year         = {2017},
	langid       = {english},
}

@article{burri_study_nodate,
	title        = {Study of clonal selection in healthy epidermal tissue},
	author       = {Burri, Dominik},
	pages        = 81,
	langid       = {english},
}

@article{burri_quantifying_nodate,
	title        = {Quantifying selection in somatic evolution of normal human epithelium},
	author       = {Burri, Dominik and Noble, Robert and Beerenwinkel, Niko},
	pages        = 29,
	langid       = {english},
}

@article{de_la_cruz_coarse-graining_2017,
	title        = {Coarse-graining and hybrid methods for efficient simulation of stochastic multi-scale models of tumour growth},
	author       = {de la Cruz, Roberto and Guerrero, Pilar and Calvo, Juan and Alarcón, Tomás},
	volume       = 350,
	pages        = {974--991},
	doi          = {10.1016/j.jcp.2017.09.019},
	issn         = {00219991},
	url          = {https://linkinghub.elsevier.com/retrieve/pii/S0021999117306782},
	urldate      = {2021},
	journaltitle = {Journal of Computational Physics},
	shortjournal = {Journal of Computational Physics},
	year         = {2017},
	langid       = {english},
}

@article{barton_modelling_2013,
	title        = {Modelling evolution in a spatial continuum},
	author       = {Barton, N H and Etheridge, A M and Véber, A},
	volume       = 2013,
	number       = 1,
	pages        = {P01002},
	doi          = {10.1088/1742-5468/2013/01/P01002},
	issn         = {1742-5468},
	url          = {https://iopscience.iop.org/article/10.1088/1742-5468/2013/01/P01002},
	urldate      = {2021},
	journaltitle = {Journal of Statistical Mechanics: Theory and Experiment},
	shortjournal = {J. Stat. Mech.},
	year         = {2013},
	langid       = {english},
}

@article{pattni_evolutionary_2021,
	title        = {Evolutionary graph theory derived from eco-evolutionary dynamics},
	author       = {Pattni, Karan and Overton, Christopher E. and Sharkey, Kieran J.},
	volume       = 519,
	pages        = 110648,
	doi          = {10.1016/j.jtbi.2021.110648},
	issn         = {00225193},
	url          = {http://arxiv.org/abs/2010.16159},
	urldate      = {2021},
	journaltitle = {Journal of Theoretical Biology},
	shortjournal = {Journal of Theoretical Biology},
	year         = {2021},
	langid       = {english},
	eprinttype   = {arxiv},
	eprint       = {2010.16159},
}

@article{mobius_collective_2019,
	title        = {The collective effect of finite-sized inhomogeneities on the spatial spread of populations in two dimensions},
	author       = {Möbius, Wolfram and Tesser, Francesca and Alards, Kim M. J. and Benzi, Roberto and Nelson, David R. and Toschi, Federico},
	url          = {http://arxiv.org/abs/1910.05332},
	urldate      = {2021},
	journaltitle = {{arXiv}:1910.05332 [cond-mat, q-bio]},
	year         = {2019},
	langid       = {english},
	eprinttype   = {arxiv},
	eprint       = {1910.05332},
}

@article{martens_interfering_2011,
	title        = {Interfering Waves of Adaptation Promote Spatial Mixing},
	author       = {Martens, Erik A and Hallatschek, Oskar},
	volume       = 189,
	number       = 3,
	pages        = {1045--1060},
	doi          = {10.1534/genetics.111.130112},
	issn         = {1943-2631},
	url          = {https://academic.oup.com/genetics/article/189/3/1045/6063832},
	urldate      = {2021},
	journaltitle = {Genetics},
	year         = {2011},
	langid       = {english},
}

@article{smith_spatially_2018,
	title        = {Spatially extended hybrid methods: a review},
	shorttitle   = {Spatially extended hybrid methods},
	author       = {Smith, Cameron A. and Yates, Christian A.},
	volume       = 15,
	number       = 139,
	pages        = 20170931,
	doi          = {10.1098/rsif.2017.0931},
	issn         = {1742-5689, 1742-5662},
	url          = {https://royalsocietypublishing.org/doi/10.1098/rsif.2017.0931},
	urldate      = {2021},
	journaltitle = {Journal of The Royal Society Interface},
	shortjournal = {J. R. Soc. Interface.},
	year         = {2018},
	langid       = {english},
}

@article{noble_when_2020,
	title        = {When, why and how tumour clonal diversity predicts survival},
	author       = {Noble, Robert and Burley, John T. and Le Sueur, Cécile and Hochberg, Michael E.},
	volume       = 13,
	number       = 7,
	pages        = {1558--1568},
	doi          = {10.1111/eva.13057},
	issn         = {1752-4571, 1752-4571},
	url          = {https://onlinelibrary.wiley.com/doi/10.1111/eva.13057},
	urldate      = {2021},
	journaltitle = {Evolutionary Applications},
	shortjournal = {Evol Appl},
	year         = {2020},
	langid       = {english},
}

@article{may_uses_2004,
	title        = {Uses and Abuses of Mathematics in Biology},
	author       = {May, R. M.},
	volume       = 303,
	number       = 5659,
	pages        = {790--793},
	doi          = {10.1126/science.1094442},
	issn         = {0036-8075, 1095-9203},
	url          = {https://www.sciencemag.org/lookup/doi/10.1126/science.1094442},
	urldate      = {2021},
	journaltitle = {Science},
	shortjournal = {Science},
	year         = {2004},
	langid       = {english},
}

@article{houchmandzadeh_fisher_2017,
	title        = {Fisher waves: An individual-based stochastic model},
	shorttitle   = {Fisher waves},
	author       = {Houchmandzadeh, B. and Vallade, M.},
	volume       = 96,
	number       = 1,
	pages        = {012414},
	doi          = {10.1103/PhysRevE.96.012414},
	issn         = {2470-0045, 2470-0053},
	url          = {http://link.aps.org/doi/10.1103/PhysRevE.96.012414},
	urldate      = {2021},
	journaltitle = {Physical Review E},
	shortjournal = {Phys. Rev. E},
	year         = {2017},
	langid       = {english}
}

@article{stein_propagation_nodate,
	title        = {Propagation of Driver Mutations and Selective Sweeps in Cancer},
	author       = {Stein, Alexander},
	pages        = 77,
	langid       = {english},
}

@article{beyer_constant_1980,
	title        = {Constant Time Generation of Rooted Trees},
	author       = {Beyer, Terry and Hedetniemi, Sandra Mitchell},
	volume       = 9,
	number       = 4,
	pages        = {706--712},
	doi          = {10.1137/0209055},
	issn         = {0097-5397, 1095-7111},
	url          = {http://epubs.siam.org/doi/10.1137/0209055},
	urldate      = {2021},
	journaltitle = {{SIAM} Journal on Computing},
	shortjournal = {{SIAM} J. Comput.},
	year         = {1980},
	langid       = {english},
}

@article{jahn_bourque_nodate,
	title        = {The Bourque Distances for Mutation Trees of Cancers},
	author       = {Jahn, Katharina and Beerenwinkel, Niko and Zhang, Louxin},
	pages        = 23,
	langid       = {english},
}

@article{fischer_tree_2021,
	title        = {Tree balance indices: a comprehensive survey},
	shorttitle   = {Tree balance indices},
	author       = {Fischer, Mareike and Herbst, Lina and Kersting, Sophie and Kühn, Luise and Wicke, Kristina},
	url          = {http://arxiv.org/abs/2109.12281},
	urldate      = {2021},
	journaltitle = {{arXiv}:2109.12281 [math, q-bio]},
	year         = {2021},
	eprinttype   = {arxiv},
	eprint       = {2109.12281},
}

@article{miura_power_2020,
	title        = {Power and pitfalls of computational methods for inferring clone phylogenies and mutation orders from bulk sequencing data},
	author       = {Miura, Sayaka and Vu, Tracy and Deng, Jiamin and Buturla, Tiffany and Oladeinde, Olumide and Choi, Jiyeong and Kumar, Sudhir},
	volume       = 10,
	number       = 1,
	pages        = 3498,
	doi          = {10.1038/s41598-2},
	issn         = {2045-2322},
	url          = {https://www.nature.com/articles/s41598-2},
	urldate      = {2021},
	rights       = {2020 The Author(s)},
	journaltitle = {Scientific Reports},
	shortjournal = {Sci Rep},
	year         = {2020},
	langid       = {english},
}

@software{noble_demon_2020,
	title        = {demon},
	author       = {Noble, Robert},
	url          = {https://github.com/robjohnnoble/demon\%5Fmodel},
	urldate      = {2021},
	rights       = {{GPL}-3.0},
	year         = {2020}
}

@online{noauthor_github_nodate,
	title        = {{GitHub} - robjohnnoble/demon\_model: A deme-based, spatially explicit model of intra-tumour population genetics},
	url          = {https://github.com/robjohnnoble/demon\%5Fmodel},
	urldate      = {2021},
}

@software{gabbutt_flipflop_2021,
	title        = {flipflop},
	author       = {Gabbutt, Calum},
	url          = {https://github.com/CalumGabbutt/flipflop},
	urldate      = {2021},
	rights       = {{MIT}},
	year         = {2021}
}

@article{buchner_nested_2021,
	title        = {Nested Sampling Methods},
	author       = {Buchner, Johannes},
	url          = {http://arxiv.org/abs/2101.09675},
	urldate      = {2021},
	journaltitle = {{arXiv}:2101.09675 [astro-ph, stat]},
	year         = {2021},
	eprinttype   = {arxiv},
	eprint       = {2101.09675},
}

@article{chao_unifying_2014,
	title        = {Unifying Species Diversity, Phylogenetic Diversity, Functional Diversity, and Related Similarity and Differentiation Measures Through Hill Numbers},
	author       = {Chao, Anne and Chiu, Chun-Huo and Jost, Lou},
	volume       = 45,
	number       = 1,
	pages        = {297--324},
	doi          = {10.1146/annurev-ecolsys},
	issn         = {1543-592X, 1545-2069},
	url          = {http://www.annualreviews.org/doi/10.1146/annurev-ecolsys},
	urldate      = {2021},
	journaltitle = {Annual Review of Ecology, Evolution, and Systematics},
	shortjournal = {Annu. Rev. Ecol. Evol. Syst.},
	year         = {2014},
	langid       = {english}
}

@article{podani_tree_2013,
	title        = {Tree thinking, time and topology: comments on the interpretation of tree diagrams in evolutionary/phylogenetic systematics},
	shorttitle   = {Tree thinking, time and topology},
	author       = {Podani, János},
	volume       = 29,
	number       = 3,
	pages        = {315--327},
	doi          = {10.1111/j.1096-0031.2012.00423.x},
	issn         = {07483007},
	url          = {https://onlinelibrary.wiley.com/doi/10.1111/j.1096-0031.2012.00423.x},
	urldate      = {2021},
	journaltitle = {Cladistics},
	year         = {2013},
	langid       = {english}
}

@article{eden_two-dimensional_1961,
	title        = {A Two-dimensional Growth Process},
	author       = {Eden, Murray},
	volume       = {4.4},
	pages        = {223--240},
	url          = {https://projecteuclid.org/ebooks/berkeley-symposium-on-mathematical-statistics-and-probability/Proceedings-of-the-Fourth-Berkeley-Symposium-on-Mathematical-Statistics-and/chapter/A-Two-dimensional-Growth-Process/bsmsp/1200512888},
	urldate      = {2021},
	journaltitle = {Proceedings of the Fourth Berkeley Symposium on Mathematical Statistics and Probability, Volume 4: Contributions to Biology and Problems of Medicine},
	year         = {1961},
}

@article{kimura_simple_1980,
	title        = {A simple method for estimating evolutionary rates of base substitutions through comparative studies of nucleotide sequences},
	author       = {Kimura, Motoo},
	volume       = 16,
	number       = 2,
	pages        = {111--120},
	doi          = {10.1007/BF01731581},
	issn         = {1432-1432},
	url          = {https://doi.org/10.1007/BF01731581},
	urldate      = {2021},
	journaltitle = {Journal of Molecular Evolution},
	shortjournal = {J Mol Evol},
	year         = {1980},
	langid       = {english},
}

@online{noauthor_neutral_nodate,
	title        = {Neutral Evolution Debate},
	url          = {https://www.sottorivalab.org/neutral-evolution-debate.html},
	urldate      = {2021},
	titleaddon   = {Sottoriva Lab},
	langid       = {english},
}

@article{blum_statistical_2005,
	title        = {On statistical tests of phylogenetic tree imbalance: The Sackin and other indices revisited},
	shorttitle   = {On statistical tests of phylogenetic tree imbalance},
	author       = {Blum, Michael G.B. and François, Olivier},
	volume       = 195,
	number       = 2,
	pages        = {141--153},
	doi          = {10.1016/j.mbs.2005.03.003},
	issn         = {00255564},
	url          = {https://linkinghub.elsevier.com/retrieve/pii/S0025556405000544},
	urldate      = {2021},
	journaltitle = {Mathematical Biosciences},
	shortjournal = {Mathematical Biosciences},
	year         = {2005},
	langid       = {english},
}

@article{antal_spatial_2015,
	title        = {Spatial evolution of tumors with successive driver mutations},
	author       = {Antal, Tibor and Krapivsky, P. L. and Nowak, M. A.},
	volume       = 92,
	number       = 2,
	pages        = {022705},
	doi          = {10.1103/PhysRevE.92.022705},
	issn         = {1550-2376},
	journaltitle = {Physical Review. E, Statistical, Nonlinear, and Soft Matter Physics},
	shortjournal = {Phys Rev E Stat Nonlin Soft Matter Phys},
	year         = {2015},
	pmid         = 26382430,
}

@article{gatenby_adaptive_2009,
	title        = {Adaptive Therapy},
	author       = {Gatenby, Robert A. and Silva, Ariosto S. and Gillies, Robert J. and Frieden, B. Roy},
	volume       = 69,
	number       = 11,
	pages        = {4894--4903},
	doi          = {10.1158/0008-5472.CAN},
	issn         = {0008-5472},
	url          = {https://www.ncbi.nlm.nih.gov/pmc/articles/PMC3728826/},
	urldate      = {2021},
	journaltitle = {Cancer research},
	shortjournal = {Cancer Res},
	year         = {2009},
	pmid         = 19487300,
	pmcid        = {PMC3728826},
}

@article{viossat_theoretical_2021,
	title        = {A theoretical analysis of tumour containment},
	author       = {Viossat, Yannick and Noble, Robert},
	volume       = 5,
	number       = 6,
	pages        = {826--835},
	doi          = {10.1038/s41559-w},
	issn         = {2397-334X},
	url          = {https://www.nature.com/articles/s41559-w},
	urldate      = {2021},
	rights       = {2021 The Author(s), under exclusive licence to Springer Nature Limited},
	journaltitle = {Nature Ecology \& Evolution},
	shortjournal = {Nat Ecol Evol},
	year         = {2021},
	langid       = {english},
}

@article{gillespie_exact_1977,
	title        = {Exact stochastic simulation of coupled chemical reactions},
	author       = {Gillespie, Daniel T.},
	volume       = 81,
	number       = 25,
	pages        = {2340--2361},
	doi          = {10.1021/j100540a008},
	issn         = {0022-3654},
	url          = {https://doi.org/10.1021/j100540a008},
	urldate      = {2021},
	journaltitle = {The Journal of Physical Chemistry},
	shortjournal = {J. Phys. Chem.},
	year         = {1977},
}

@article{lewin_three_2020,
	title        = {A three phase model to investigate the effects of dead material on the growth of avascular tumours},
	author       = {Lewin, Thomas D. and Maini, Philip K. and Moros, Eduardo G. and Enderling, Heiko and Byrne, Helen M.},
	volume       = 15,
	pages        = 22,
	doi          = {10.1051/mmnp/2019039},
	issn         = {0973-5348, 1760-6101},
	url          = {https://www.mmnp-journal.org/articles/mmnp/abs/2020/01/mmnp180182/mmnp180182.html},
	urldate      = {2021},
	rights       = {© {EDP} Sciences, 2020},
	journaltitle = {Mathematical Modelling of Natural Phenomena},
	shortjournal = {Math. Model. Nat. Phenom.},
	year         = 2020,
	langid       = {english},
}

@article{rocha_hybrid_2017,
	title        = {A hybrid three-scale model of tumor growth},
	author       = {Rocha, H. L. and Almeida, R. C. and Lima, E. A. B. F. and Resende, A. C. M. and Oden, J. T. and Yankeelov, T. E.},
	doi          = {10.1142/S0218202518500021},
	url          = {https://www.worldscientific.com/doi/epdf/10.1142/S0218202518500021},
	urldate      = {2021},
	journaltitle = {Mathematical Models and Methods in Applied Sciences},
	year         = {2017},
	langid       = {english},
}

@article{anderson_mathematical_2018,
	title        = {Mathematical Oncology},
	author       = {Anderson, Alexander R. A. and Maini, Philip K.},
	volume       = 80,
	number       = 5,
	pages        = {945--953},
	doi          = {10.1007/s11538-5},
	issn         = {0092-8240, 1522-9602},
	url          = {http://link.springer.com/10.1007/s11538-5},
	urldate      = {2021},
	journaltitle = {Bulletin of Mathematical Biology},
	shortjournal = {Bull Math Biol},
	year         = {2018},
	langid       = {english},
}

@article{greenspan_models_1972,
	title        = {Models for the Growth of a Solid Tumor by Diffusion},
	author       = {Greenspan, H. P.},
	volume       = 51,
	number       = 4,
	pages        = {317--340},
	doi          = {10.1002/sapm1972514317},
	issn         = {00222526},
	url          = {https://onlinelibrary.wiley.com/doi/10.1002/sapm1972514317},
	urldate      = {2021},
	journaltitle = {Studies in Applied Mathematics},
	year         = {1972},
	langid       = {english}
}

@article{werner_deterministic_2013,
	title        = {A deterministic model for the occurrence and dynamics of multiple mutations in hierarchically organized tissues},
	author       = {Werner, Benjamin and Dingli, David and Traulsen, Arne},
	volume       = 10,
	number       = 85,
	pages        = 20130349,
	doi          = {10.1098/rsif.2013.0349},
	issn         = {1742-5689, 1742-5662},
	url          = {https://royalsocietypublishing.org/doi/10.1098/rsif.2013.0349},
	urldate      = {2021},
	journaltitle = {Journal of The Royal Society Interface},
	shortjournal = {J. R. Soc. Interface.},
	year         = {2013},
	langid       = {english},
}

@article{gatenby_reaction-diffusion_1996,
	title        = {A reaction-diffusion model of cancer invasion},
	author       = {Gatenby, R. A. and Gawlinski, E. T.},
	volume       = 56,
	number       = 24,
	pages        = {5745--5753},
	issn         = {0008-5472},
	journaltitle = {Cancer Research},
	shortjournal = {Cancer Res},
	year         = {1996},
	pmid         = 8971186,
}

@article{m_coronado_sackins_2020,
	title        = {On Sackin’s original proposal: the variance of the leaves’ depths as a phylogenetic balance index},
	shorttitle   = {On Sackin’s original proposal},
	author       = {M. Coronado, Tomás and Mir, Arnau and Rosselló, Francesc and Rotger, Lucía},
	volume       = 21,
	number       = 1,
	pages        = 154,
	doi          = {10.1186/s12859-1},
	issn         = {1471-2105},
	url          = {https://bmcbioinformatics.biomedcentral.com/articles/10.1186/s12859-1},
	urldate      = {2021},
	journaltitle = {{BMC} Bioinformatics},
	shortjournal = {{BMC} Bioinformatics},
	year         = {2020},
	langid       = {english},
}

@article{heide_reply_2018,
	title        = {Reply to ‘Neutral tumor evolution?’},
	shorttitle   = {Reply to ‘Neutral tumor evolution?},
	author       = {Heide, Timon and Zapata, Luis and Williams, Marc J. and Werner, Benjamin and Caravagna, Giulio and Barnes, Chris P. and Graham, Trevor A. and Sottoriva, Andrea},
	volume       = 50,
	number       = 12,
	pages        = {1633--1637},
	doi          = {10.1038/s41588-z},
	issn         = {1546-1718},
	url          = {https://www.nature.com/articles/s41588-z},
	urldate      = {2021},
	rights       = {2018 The Author(s), under exclusive licence to Springer Nature America, Inc.},
	journaltitle = {Nature Genetics},
	shortjournal = {Nat Genet},
	year         = {2018},
	langid       = {english},
}

@article{tarabichi_neutral_2018,
	title        = {Neutral tumor evolution?},
	author       = {Tarabichi, Maxime and Martincorena, Iñigo and Gerstung, Moritz and Leroi, Armand M. and Markowetz, Florian and Spellman, Paul T. and Morris, Quaid D. and Lingjærde, Ole Christian and Wedge, David C. and Van Loo, Peter},
	volume       = 50,
	number       = 12,
	pages        = {1630--1633},
	doi          = {10.1038/s41588-x},
	issn         = {1546-1718},
	url          = {https://www.nature.com/articles/s41588-x},
	urldate      = {2021},
	rights       = {2018 Springer Nature America, Inc.},
	journaltitle = {Nature Genetics},
	shortjournal = {Nat Genet},
	year         = {2018},
	langid       = {english},
}

@article{bozic_measuring_2019,
	title        = {On measuring selection in cancer from subclonal mutation frequencies},
	author       = {Bozic, Ivana and Paterson, Chay and Waclaw, Bartlomiej},
	volume       = 15,
	number       = 9,
	pages        = {e1007368},
	doi          = {10.1371/journal.pcbi.1007368},
	issn         = {1553-7358},
	url          = {https://journals.plos.org/ploscompbiol/article?id=10.1371/journal.pcbi.1007368},
	urldate      = {2021},
	journaltitle = {{PLOS} Computational Biology},
	shortjournal = {{PLOS} Computational Biology},
	year         = {2019},
	langid       = {english},
}

@article{ford_probabilities_2005,
	title        = {Probabilities on cladograms: introduction to the alpha model},
	shorttitle   = {Probabilities on cladograms},
	author       = {Ford, Daniel J.},
	url          = {http://arxiv.org/abs/math/0511246},
	urldate      = {2021},
	journaltitle = {{arXiv}:math/0511246},
	year         = {2005},
	eprinttype   = {arxiv},
	eprint       = {math/0511246},
}

@article{shao_tree_1990,
	title        = {Tree Balance},
	author       = {Shao, Kwang-Tsao and Sokal, Robert R.},
	volume       = 39,
	number       = 3,
	pages        = {266--276},
	doi          = {10.2307/2992186},
	issn         = {0039-7989},
	url          = {https://www.jstor.org/stable/2992186},
	urldate      = {2021},
	journaltitle = {Systematic Zoology},
	year         = 1990,
}

@article{coronado_minimum_2020,
	title        = {On the minimum value of the Colless index and the bifurcating trees that achieve it},
	author       = {Coronado, Tomás M. and Fischer, Mareike and Herbst, Lina and Rosselló, Francesc and Wicke, Kristina},
	volume       = 80,
	number       = 7,
	pages        = {1993--2054},
	doi          = {10.1007/s00285-9},
	issn         = {1432-1416},
	url          = {https://doi.org/10.1007/s00285-9},
	urldate      = {2021},
	journaltitle = {Journal of Mathematical Biology},
	shortjournal = {J. Math. Biol.},
	year         = {2020},
	langid       = {english},
}

@article{bartoszek_squaring_2021,
	title        = {Squaring within the Colless index yields a better balance index},
	author       = {Bartoszek, Krzysztof and Coronado, Tomás M. and Mir, Arnau and Rosselló, Francesc},
	volume       = 331,
	pages        = 108503,
	doi          = {10.1016/j.mbs.2020.108503},
	issn         = {0025-5564},
	url          = {https://www.sciencedirect.com/science/article/pii/S0025556420301498},
	urldate      = {2021},
	journaltitle = {Mathematical Biosciences},
	shortjournal = {Mathematical Biosciences},
	year         = {2021},
	langid       = {english},
}

@article{mir_new_2013,
	title        = {A new balance index for phylogenetic trees},
	author       = {Mir, Arnau and Rosselló, Francesc and Rotger, Lucı´a},
	volume       = 241,
	number       = 1,
	pages        = {125--136},
	doi          = {10.1016/j.mbs.2012.10.005},
	issn         = {0025-5564},
	url          = {https://www.sciencedirect.com/science/article/pii/S0025556412002076},
	urldate      = {2021},
	journaltitle = {Mathematical Biosciences},
	shortjournal = {Mathematical Biosciences},
	year         = {2013},
	langid       = {english},
}

@article{mir_sound_2018,
	title        = {Sound Colless-like balance indices for multifurcating trees},
	author       = {Mir, Arnau and Rotger, Lucía and Rosselló, Francesc},
	volume       = 13,
	number       = 9,
	pages        = {1--27},
	doi          = {10.1371/journal.pone.0203401},
	issn         = {1932-6203},
	url          = {https://doi.org/10.1371/journal.pone.0203401},
	urldate      = {2021},
	journaltitle = {{PLOS} {ONE}},
	year         = {2018},
	shortjournal = {{PLOS} {ONE}},
	langid       = {english},
}

@article{sackin_good_1972,
	title        = {“Good” and “Bad” Phenograms},
	author       = {Sackin, M. J.},
	volume       = 21,
	number       = 2,
	pages        = {225--226},
	doi          = {10.1093/sysbio/21.2.225},
	issn         = {1063-5157},
	url          = {https://doi.org/10.1093/sysbio/21.2.225},
	urldate      = {2021},
	journaltitle = {Systematic Biology},
	shortjournal = {Systematic Biology},
	year         = {1972},
}

@article{scott_inferring_2020,
	title        = {Inferring Tumor Proliferative Organization from Phylogenetic Tree Measures in a Computational Model},
	author       = {Scott, Jacob G and Maini, Philip K and Anderson, Alexander R A and Fletcher, Alexander G},
	volume       = 69,
	number       = 4,
	pages        = {623--637},
	doi          = {10.1093/sysbio/syz070},
	issn         = {1063-5157, 1076-836X},
	url          = {https://academic.oup.com/sysbio/article/69/4/623/5609129},
	urldate      = {2021},
	journaltitle = {Systematic Biology},
	editor       = {Townsend, Jeffrey},
	year         = {2020},
	langid       = {english},
}

@article{yule_iimathematical_1925,
	title        = {{II}.—A mathematical theory of evolution, based on the conclusions of Dr. J. C. Willis, F. R. S},
	author       = {Yule, George Udny},
	volume       = 213,
	number       = 402,
	pages        = {21--87},
	doi          = {10.1098/rstb.1925.0002},
	url          = {https://royalsocietypublishing.org/doi/10.1098/rstb.1925.0002},
	urldate      = {2021},
	journaltitle = {Philosophical Transactions of the Royal Society of London. Series B, Containing Papers of a Biological Character},
	year         = {1925},
}

@article{de_la_cruz_effects_2015,
	title        = {The effects of intrinsic noise on the behaviour of bistable cell regulatory systems under quasi-steady state conditions},
	author       = {de la Cruz, Roberto and Guerrero, Pilar and Spill, Fabian and Alarcón, Tomás},
	volume       = 143,
	number       = 7,
	pages        = {074105},
	doi          = {10.1063/1.4928575},
	issn         = {0021-9606},
	url          = {https://aip.scitation.org/doi/10.1063/1.4928575},
	urldate      = {2021},
	journaltitle = {The Journal of Chemical Physics},
	shortjournal = {J. Chem. Phys.},
	year         = {2015},
}

@article{allahverdy_agent-based_2019,
	title        = {An Agent-based Model for Investigating the Effect of Myeloid-Derived Suppressor Cells and its Depletion on Tumor Immune Surveillance},
	author       = {Allahverdy, Armin and Moghaddam, Alireza Khorrami and Rahbar, Sarah and Shafiekhani, Sadjad and Mirzaie, Hamid Reza and Amanpour, Saeid and Etemadi, Yasaman and Hadjati, Jamshid and Jafari, Amir Homayoun},
	volume       = 9,
	number       = 1,
	pages        = {15--23},
	doi          = {10.4103/jmss.JMSS_33_18},
	issn         = {2228-7477},
	url          = {https://www.ncbi.nlm.nih.gov/pmc/articles/PMC6419563/},
	urldate      = {2021},
	journaltitle = {Journal of Medical Signals and Sensors},
	shortjournal = {J Med Signals Sens},
	year         = 2019,
	pmid         = 30967986,
	pmcid        = {PMC6419563},
}

@article{fusco_excess_2016,
	title        = {Excess of mutational jackpot events in expanding populations revealed by spatial Luria-Delbrück experiments},
	author       = {Fusco, Diana and Gralka, Matti and Kayser, Jona and Anderson, Alex and Hallatschek, Oskar},
	volume       = 7,
	pages        = 12760,
	doi          = {10.1038/ncomms12760},
	issn         = {2041-1723},
	journaltitle = {Nature Communications},
	shortjournal = {Nat Commun},
	year         = {2016},
	pmid         = 27694797,
	pmcid        = {PMC5059437},
}

@article{anderson_integrative_2008,
	title        = {Integrative mathematical oncology},
	author       = {Anderson, Alexander R. A. and Quaranta, Vito},
	volume       = 8,
	number       = 3,
	pages        = {227--234},
	doi          = {10.1038/nrc2329},
	issn         = {1474-175X, 1474-1768},
	url          = {http://www.nature.com/articles/nrc2329},
	urldate      = {2021},
	journaltitle = {Nature Reviews Cancer},
	shortjournal = {Nat Rev Cancer},
	year         = {2008},
	langid       = {english},
	rights       = {2008 Nature Publishing Group}
}

@article{nowell_clonal_1976,
	title        = {The clonal evolution of tumor cell populations},
	author       = {Nowell, P. C.},
	volume       = 194,
	number       = 4260,
	pages        = {23--28},
	doi          = {10.1126/science.959840},
	issn         = {0036-8075},
	journaltitle = {Science (New York, N.Y.)},
	shortjournal = {Science},
	year         = {1976},
	pmid         = 959840,
}

@article{nee_reconstructed_1994,
	title        = {The reconstructed evolutionary process},
	author       = {Nee, Sean and May, Robert M. and Harvey, Paul H.},
	volume       = 344,
	number       = 1309,
	pages        = {305--311},
	doi          = {10.1098/rstb.1994.0068},
	issn         = {0962-8436, 1471-2970},
	url          = {https://royalsocietypublishing.org/doi/10.1098/rstb.1994.0068},
	urldate      = {2021},
	journaltitle = {Philosophical Transactions of the Royal Society of London. Series B: Biological Sciences},
	shortjournal = {Phil. Trans. R. Soc. Lond. B},
	year         = {1994},
	langid       = {english},
}

@article{wang_simulating_2015,
	title        = {Simulating cancer growth with multiscale agent-based modeling},
	author       = {Wang, Zhihui and Butner, Joseph D. and Kerketta, Romica and Cristini, Vittorio and Deisboeck, Thomas S.},
	volume       = 30,
	pages        = {70--78},
	doi          = {10.1016/j.semcancer.2014.04.001},
	issn         = {1096-3650},
	journaltitle = {Seminars in Cancer Biology},
	shortjournal = {Semin Cancer Biol},
	year         = {2015},
	pmid         = 24793698,
	pmcid        = {PMC4216775},
}

@article{loskot_comprehensive_2019,
	title        = {Comprehensive Review of Models and Methods for Inferences in Bio-Chemical Reaction Networks},
	author       = {Loskot, Pavel and Atitey, Komlan and Mihaylova, Lyudmila},
	volume       = 10,
	pages        = 549,
	doi          = {10.3389/fgene.2019.00549},
	issn         = {1664-8021},
	url          = {https://www.frontiersin.org/article/10.3389/fgene.2019.00549},
	urldate      = {2021},
	journaltitle = {Frontiers in Genetics},
	year         = 2019,
}

@article{househam_phenotypic_nodate,
	title        = {Phenotypic plasticity and genetic control in colorectal cancer evolution},
	author       = {Househam, Jacob and Heide, Timon and Cresswell, George D and Lynn, Claire and Mossner, Max and Kimberley, Chris and Gabbutt, Calum and Lakatos, Eszter and Chen, Bingjie and Zapata, Luis and James, Chela and Berner, Alison and Baker, Ann-Marie and Nichol, Daniel and Costa, Helena and Mitchinson, Miriam and Caravagna, Giulio and Shibata, Darryl and Bridgewater, John and Rodriguez, Manuel and Magnani, Luca and Sottoriva, Andrea and Graham, Trevor A},
	pages        = 26,
	langid       = {english},
}

@report{heide_co-evolution_2021,
	title        = {The co-evolution of the genome and epigenome in colorectal cancer},
	author       = {Heide, Timon and Househam, Jacob and Cresswell, George D and Spiteri, Inmaculada and Lynn, Claire and Mossner, Max and Kimberley, Chris and Fernandez-Mateos, Javier and Chen, Bingjie and Zapata, Luis and James, Chela and Barozzi, Iros and Chkhaidze, Ketevan and Nichol, Daniel and Berner, Alison and Schmidt, Melissa and Lakatos, Eszter and Baker, Ann-Marie and Costa, Helena and Mitchinson, Miriam and Jansen, Marnix and Caravagna, Giulio and Ramazzotti, Daniele and Shibata, Darryl and Bridgewater, John and Rodriguez-Justo, Manuel and Magnani, Luca and Graham, Trevor A and Sottoriva, Andrea},
	doi          = {10.1101/2021.07.12.451121},
	url          = {http://biorxiv.org/lookup/doi/10.1101/2021.07.12.451121},
	urldate      = {2021},
	institution  = {Cancer Biology},
	type         = {preprint},
	year         = {2021},
	langid       = {english},
}

@report{heide_assessment_2021,
	title        = {Assessment of the evolutionary consequence of putative driver mutations in colorectal cancer with spatial multiomic data},
	author       = {Heide, Timon and Househam, Jacob and Cresswell, George D and Spiteri, Inmaculada and Lynn, Claire and Kimberley, Chris and Mossner, Maximilian and Zapata, Luis and Gabbutt, Calum and Ramazzotti, Daniele and Chen, Bingjie and Fernandez-Mateos, Javier and James, Chela and Iorio, Francesco and Berner, Alison and Schmidt, Melissa and Lakatos, Eszter and Baker, Ann-Marie and Nichol, Daniel and Costa, Helena and Mitchinson, Miriam and Werner, Benjamin and Jansen, Marnix and Barnes, Christopher and Caravagna, Giulio and Shibata, Darryl and Bridgewater, John and Rodriguez-Justo, Manuel and Magnani, Luca and Graham, Trevor A and Sottoriva, Andrea},
	doi          = {10.1101/2021.07.14.451265},
	url          = {http://biorxiv.org/lookup/doi/10.1101/2021.07.14.451265},
	urldate      = {2021},
	institution  = {Cancer Biology},
	type         = {preprint},
	year         = {2021},
	langid       = {english},
}

@article{chao_phylogenetic_2010,
	title        = {Phylogenetic diversity measures based on Hill numbers},
	author       = {Chao, Anne and Chiu, Chun-Huo and Jost, Lou},
	volume       = 365,
	number       = 1558,
	pages        = {3599--3609},
	doi          = {10.1098/rstb.2010.0272},
	issn         = {0962-8436, 1471-2970},
	url          = {https://royalsocietypublishing.org/doi/10.1098/rstb.2010.0272},
	urldate      = {2021},
	journaltitle = {Philosophical Transactions of the Royal Society B: Biological Sciences},
	shortjournal = {Phil. Trans. R. Soc. B},
	year         = {2010},
	langid       = {english},
}

@article{niida_modeling_2021,
	title        = {Modeling colorectal cancer evolution},
	author       = {Niida, Atsushi and Mimori, Koshi and Shibata, Tatsuhiro and Miyano, Satoru},
	doi          = {10.1038/s10038-0},
	issn         = {1434-5161, 1435-232X},
	url          = {http://www.nature.com/articles/s10038-0},
	urldate      = {2021},
	journaltitle = {Journal of Human Genetics},
	shortjournal = {J Hum Genet},
	year         = {2021},
	langid       = {english},
}

@article{yin_review_2019,
	title        = {A Review of Mathematical Models for Tumor Dynamics and Treatment Resistance Evolution of Solid Tumors},
	author       = {Yin, Anyue and Moes, Dirk Jan A.R. and van Hasselt, Johan G.C. and Swen, Jesse J. and Guchelaar, Henk‐Jan},
	volume       = 8,
	number       = 10,
	pages        = {720--737},
	doi          = {10.1002/psp4.12450},
	issn         = {2163-8306},
	url          = {https://www.ncbi.nlm.nih.gov/pmc/articles/PMC6813171/},
	urldate      = {2021},
	journaltitle = {{CPT}: Pharmacometrics \& Systems Pharmacology},
	shortjournal = {{CPT} Pharmacometrics Syst Pharmacol},
	year         = {2019-10},
	pmid         = 31250989,
	pmcid        = {PMC6813171},
}

@article{gatenby_evolutionary_2014,
	title        = {Evolutionary triage governs fitness in driver and passenger mutations and suggests targeting never mutations},
	author       = {Gatenby, R. A. and Cunningham, J. J. and Brown, J. S.},
	volume       = 5,
	number       = 1,
	pages        = 5499,
	doi          = {10.1038/ncomms6499},
	issn         = {2041-1723},
	url          = {http://www.nature.com/articles/ncomms6499},
	urldate      = {2021},
	journaltitle = {Nature Communications},
	shortjournal = {Nat Commun},
	year         = {2014},
	langid       = {english},
}

@book{durrett_branching_2014,
	title        = {Branching Process Models of Cancer},
	author       = {Durrett, Richard and U, Duke},
	year         = 2014,
}

@article{durrett_cancer_2013,
	title        = {Cancer Modeling: A Personal Perspective},
	shorttitle   = {Cancer Modeling},
	author       = {Durrett, Rick},
	volume       = 60,
	number       = 3,
	pages        = 304,
	doi          = {10.1090/noti953},
	issn         = {0002-9920, 1088-9477},
	url          = {http://www.ams.org/jourcgi/jour-getitem?pii=noti953},
	urldate      = {2021},
	journaltitle = {Notices of the American Mathematical Society},
	shortjournal = {Notices Amer. Math. Soc.},
	year         = {2013},
	langid       = {english},
}

@article{rockne_2019_2019,
	title        = {The 2019 mathematical oncology roadmap},
	author       = {Rockne, Russell C and Hawkins-Daarud, Andrea and Swanson, Kristin R and Sluka, James P and Glazier, James A and Macklin, Paul and Hormuth, David A and Jarrett, Angela M and Lima, Ernesto A B F and Tinsley Oden, J and Biros, George and Yankeelov, Thomas E and Curtius, Kit and Al Bakir, Ibrahim and Wodarz, Dominik and Komarova, Natalia and Aparicio, Luis and Bordyuh, Mykola and Rabadan, Raul and Finley, Stacey D and Enderling, Heiko and Caudell, Jimmy and Moros, Eduardo G and Anderson, Alexander R A and Gatenby, Robert A and Kaznatcheev, Artem and Jeavons, Peter and Krishnan, Nikhil and Pelesko, Julia and Wadhwa, Raoul R and Yoon, Nara and Nichol, Daniel and Marusyk, Andriy and Hinczewski, Michael and Scott, Jacob G},
	volume       = 16,
	number       = 4,
	pages        = {041005},
	doi          = {10.1088/1478-3975/ab1a09},
	issn         = {1478-3975},
	url          = {https://iopscience.iop.org/article/10.1088/1478-3975/ab1a09},
	urldate      = {2021},
	journaltitle = {Physical Biology},
	shortjournal = {Phys. Biol.},
	year         = {2019},
	langid       = {english},
}

@report{wodarz_mutant_2019,
	title        = {Mutant evolution in spatially structured and fragmented populations},
	author       = {Wodarz, Dominik and Komarova, Natalia L},
	doi          = {10.1101/817387},
	url          = {http://biorxiv.org/lookup/doi/10.1101/817387},
	urldate      = {2021},
	institution  = {Evolutionary Biology},
	type         = {preprint},
	year         = {2019},
	langid       = {english},
}

@article{bozic_accumulation_2010,
	title        = {Accumulation of driver and passenger mutations during tumor progression},
	author       = {Bozic, I. and Antal, T. and Ohtsuki, H. and Carter, H. and Kim, D. and Chen, S. and Karchin, R. and Kinzler, K. W. and Vogelstein, B. and Nowak, M. A.},
	volume       = 107,
	number       = 43,
	pages        = {18545--18550},
	doi          = {10.1073/pnas.1010978107},
	issn         = {0027-8424, 1091-6490},
	url          = {http://www.pnas.org/cgi/doi/10.1073/pnas.1010978107},
	urldate      = {2021},
	journaltitle = {Proceedings of the National Academy of Sciences},
	shortjournal = {Proceedings of the National Academy of Sciences},
	year         = {2010},
	langid       = {english},
}

@article{bozic_quantifying_2016,
	title        = {Quantifying Clonal and Subclonal Passenger Mutations in Cancer Evolution},
	author       = {Bozic, Ivana and Gerold, Jeffrey M. and Nowak, Martin A.},
	volume       = 12,
	number       = 2,
	pages        = {e1004731},
	doi          = {10.1371/journal.pcbi.1004731},
	issn         = {1553-7358},
	url          = {https://dx.plos.org/10.1371/journal.pcbi.1004731},
	urldate      = {2021},
	journaltitle = {{PLOS} Computational Biology},
	shortjournal = {{PLoS} Comput Biol},
	editor       = {Wang, Edwin},
	year         = {2016},
	langid       = {english},
}

@article{paterson_mathematical_2020,
	title        = {Mathematical model of colorectal cancer initiation},
	author       = {Paterson, Chay and Clevers, Hans and Bozic, Ivana},
	volume       = 117,
	number       = 34,
	pages        = {20681--20688},
	doi          = {10.1073/pnas.2003771117},
	issn         = {0027-8424, 1091-6490},
	url          = {http://www.pnas.org/lookup/doi/10.1073/pnas.2003771117},
	urldate      = {2021},
	journaltitle = {Proceedings of the National Academy of Sciences},
	shortjournal = {Proc Natl Acad Sci {USA}},
	year         = {2020},
	langid       = {english},
}

@article{pramanik_matrix_2021,
	title        = {Matrix adhesion and remodeling diversifies modes of cancer invasion across spatial scales},
	author       = {Pramanik, D. and Jolly, M.K. and Bhat, R.},
	volume       = 524,
	pages        = 110733,
	doi          = {10.1016/j.jtbi.2021.110733},
	issn         = {00225193},
	url          = {https://linkinghub.elsevier.com/retrieve/pii/S0022519321001557},
	urldate      = {2021},
	journaltitle = {Journal of Theoretical Biology},
	shortjournal = {Journal of Theoretical Biology},
	year         = {2021},
	langid       = {english},
}

@article{yates_multi-stage_2017,
	title        = {A Multi-stage Representation of Cell Proliferation as a Markov Process},
	author       = {Yates, Christian A. and Ford, Matthew J. and Mort, Richard L.},
	volume       = 79,
	number       = 12,
	pages        = {2905--2928},
	doi          = {10.1007/s11538-4},
	issn         = {0092-8240, 1522-9602},
	url          = {http://link.springer.com/10.1007/s11538-4},
	urldate      = {2021},
	journaltitle = {Bulletin of Mathematical Biology},
	shortjournal = {Bull Math Biol},
	year         = {2017},
	langid       = {english},
}

@online{noauthor_molecular_2018,
	title        = {Molecular Phylogenetics using Bio.Phylo},
	url          = {https://towardsdatascience.com/molecular-phylogenetics-using-bio-phylo-57ce27492ee9},
	urldate      = {2021},
	year         = 2018,
}

@article{davis_tumor_2017,
	title        = {Tumor evolution: Linear, branching, neutral or punctuated?},
	shorttitle   = {Tumor evolution},
	author       = {Davis, Alexander and Gao, Ruli and Navin, Nicholas},
	series       = {Evolutionary principles - heterogeneity in cancer?},
	volume       = 1867,
	number       = 2,
	pages        = {151--161},
	doi          = {10.1016/j.bbcan.2017.01.003},
	issn         = {0304-419X},
	url          = {https://www.sciencedirect.com/science/article/pii/S0304419X17300197},
	urldate      = {2021},
	journaltitle = {Biochimica et Biophysica Acta ({BBA}) - Reviews on Cancer},
	shortjournal = {Biochimica et Biophysica Acta ({BBA}) - Reviews on Cancer},
	year         = {2017},
	langid       = {english},
}

@online{jamal-hanjani_tracking_2017,
	title        = {Tracking the Evolution of Non–Small-Cell Lung Cancer},
	author       = {Jamal-Hanjani, Mariam and Wilson, Gareth A. and {McGranahan}, Nicholas and Birkbak, Nicolai J. and Watkins, Thomas B. K. and Veeriah, Selvaraju and Shafi, Seema and Johnson, Diana H. and Mitter, Richard and Rosenthal, Rachel and Salm, Max and Horswell, Stuart and Escudero, Mickael and Matthews, Nik and Rowan, Andrew and Chambers, Tim and Moore, David A. and Turajlic, Samra and Xu, Hang and Lee, Siow-Ming and Forster, Martin D. and Ahmad, Tanya and Hiley, Crispin T. and Abbosh, Christopher and Falzon, Mary and Borg, Elaine and Marafioti, Teresa and Lawrence, David and Hayward, Martin and Kolvekar, Shyam and Panagiotopoulos, Nikolaos and Janes, Sam M. and Thakrar, Ricky and Ahmed, Asia and Blackhall, Fiona and Summers, Yvonne and Shah, Rajesh and Joseph, Leena and Quinn, Anne M. and Crosbie, Phil A. and Naidu, Babu and Middleton, Gary and Langman, Gerald and Trotter, Simon and Nicolson, Marianne and Remmen, Hardy and Kerr, Keith and Chetty, Mahendran and Gomersall, Lesley and Fennell, Dean A. and Nakas, Apostolos and Rathinam, Sridhar and Anand, Girija and Khan, Sajid and Russell, Peter and Ezhil, Veni and Ismail, Babikir and Irvin-Sellers, Melanie and Prakash, Vineet and Lester, Jason F. and Kornaszewska, Malgorzata and Attanoos, Richard and Adams, Haydn and Davies, Helen and Dentro, Stefan and Taniere, Philippe and O’Sullivan, Brendan and Lowe, Helen L. and Hartley, John A. and Iles, Natasha and Bell, Harriet and Ngai, Yenting and Shaw, Jacqui A. and Herrero, Javier and Szallasi, Zoltan and Schwarz, Roland F. and Stewart, Aengus and Quezada, Sergio A. and Le Quesne, John and Van Loo, Peter and Dive, Caroline and Hackshaw, Allan and Swanton, Charles},
	doi          = {10.1056/NEJMoa1616288},
	url          = {https://www.nejm.org/doi/10.1056/NEJMoa1616288},
	urldate      = {2021},
	rights       = {Copyright © 2017 Massachusetts Medical Society. All rights reserved.},
	titleaddon   = {http://dx.doi.org/10.1056/{NEJMoa}1616288},
	type         = {research-article},
	year         = {2017},
}

@article{kessler_large_2013,
	title        = {Large population solution of the stochastic Luria-Delbruck evolution model},
	author       = {Kessler, D. A. and Levine, H.},
	volume       = 110,
	number       = 29,
	pages        = {11682--11687},
	doi          = {10.1073/pnas.1309667110},
	issn         = {0027-8424, 1091-6490},
	url          = {http://www.pnas.org/cgi/doi/10.1073/pnas.1309667110},
	urldate      = {2021},
	journaltitle = {Proceedings of the National Academy of Sciences},
	shortjournal = {Proceedings of the National Academy of Sciences},
	year         = {2013},
	langid       = {english},
}

@article{lipinski_cancer_2016,
	title        = {Cancer Evolution and the Limits of Predictability in Precision Cancer Medicine},
	author       = {Lipinski, Kamil A. and Barber, Louise J. and Davies, Matthew N. and Ashenden, Matthew and Sottoriva, Andrea and Gerlinger, Marco},
	volume       = 2,
	number       = 1,
	pages        = {49--63},
	doi          = {10.1016/j.trecan.2015.11.003},
	issn         = {2405-8033},
	url          = {https://www.cell.com/trends/cancer/abstract/S2405-8033(15)00069-2},
	urldate      = {2021},
	journaltitle = {Trends in Cancer},
	shortjournal = {Trends in Cancer},
	year         = {2016},
	pmid         = 26949746,
}

@article{caravagna_subclonal_2020,
	title        = {Subclonal reconstruction of tumors by using machine learning and population genetics},
	author       = {Caravagna, Giulio and Heide, Timon and Williams, Marc J. and Zapata, Luis and Nichol, Daniel and Chkhaidze, Ketevan and Cross, William and Cresswell, George D. and Werner, Benjamin and Acar, Ahmet and Chesler, Louis and Barnes, Chris P. and Sanguinetti, Guido and Graham, Trevor A. and Sottoriva, Andrea},
	volume       = 52,
	number       = 9,
	pages        = {898--907},
	doi          = {10.1038/s41588-5},
	issn         = {1061-4036, 1546-1718},
	url          = {http://www.nature.com/articles/s41588-5},
	urldate      = {2021},
	journaltitle = {Nature Genetics},
	shortjournal = {Nat Genet},
	year         = {2020},
	langid       = {english},
	rights       = {2020 The Author(s), under exclusive licence to Springer Nature America, Inc.},
}

@article{sottoriva_intratumor_2013,
	title        = {Intratumor heterogeneity in human glioblastoma reflects cancer evolutionary dynamics},
	author       = {Sottoriva, Andrea and Spiteri, Inmaculada and Piccirillo, Sara G. M. and Touloumis, Anestis and Collins, V. Peter and Marioni, John C. and Curtis, Christina and Watts, Colin and Tavaré, Simon},
	volume       = 110,
	number       = 10,
	pages        = {4009--4014},
	doi          = {10.1073/pnas.1219747110},
	issn         = {0027-8424, 1091-6490},
	url          = {https://www.pnas.org/content/110/10/4009},
	urldate      = {2021},
	rights       = {©  . Freely available online through the {PNAS} open access option.},
	journaltitle = {Proceedings of the National Academy of Sciences},
	shortjournal = {{PNAS}},
	year         = {2013},
	langid       = {english},
	pmid         = 23412337,
}

@article{stadler_phylodynamics_2021,
	title        = {Phylodynamics for cell biologists},
	author       = {Stadler, T. and Pybus, O. G. and Stumpf, M. P. H.},
	volume       = 371,
	number       = 6526,
	pages        = {eaah6266},
	doi          = {10.1126/science.aah6266},
	issn         = {0036-8075, 1095-9203},
	url          = {https://www.sciencemag.org/lookup/doi/10.1126/science.aah6266},
	urldate      = {2021},
	journaltitle = {Science},
	shortjournal = {Science},
	year         = {2021},
	langid       = {english},
}

@article{viossat_logic_2020,
	title        = {The logic of containing tumors},
	author       = {Viossat, Yannick and Noble, Robert},
	pages        = {2020.01.22.915355},
	doi          = {10.1101/2020.01.22.915355},
	url          = {https://www.biorxiv.org/content/10.1101/2020.01.22.915355v3},
	urldate      = {2021},
	rights       = {© 2020, Posted by Cold Spring Harbor Laboratory. This pre-print is available under a Creative Commons License (Attribution-{NonCommercial}-{NoDerivs} 4.0 International), {CC} {BY}-{NC}-{ND} 4.0, as described at http://creativecommons.org/licenses/by-nc-nd/4.0/},
	journaltitle = {{bioRxiv}},
	year         = {2020},
	langid       = {english},
}

@article{losos_stumped_1995,
	title        = {Stumped by Trees? A Generalized Null Model for Patterns of Organismal Diversity},
	shorttitle   = {Stumped by Trees?},
	author       = {Losos, Jonathan B. and Adler, Frederick R.},
	volume       = 145,
	number       = 3,
	pages        = {329--342},
	doi          = {10.1086/285743},
	issn         = {0003-0147, 1537-5323},
	url          = {https://www.journals.uchicago.edu/doi/10.1086/285743},
	urldate      = {2021},
	journaltitle = {The American Naturalist},
	shortjournal = {The American Naturalist},
	year         = {1995},
	langid       = {english},
}

@article{pybus_new_2002,
	title        = {New Inferences from Tree Shape: Numbers of Missing Taxa and Population Growth Rates},
	author       = {Pybus, O G and Rambaut, A and Holmes, E C and Harvey, P H},
	volume       = 51,
	pages        = 8,
	journaltitle = {{SYSTEMATIC} {BIOLOGY}},
	year         = 2002,
	langid       = {english},
}

@article{omeara_evolutionary_2012,
	title        = {Evolutionary Inferences from Phylogenies: A Review of Methods},
	shorttitle   = {Evolutionary Inferences from Phylogenies},
	author       = {O'Meara, Brian C.},
	volume       = 43,
	number       = 1,
	pages        = {267--285},
	doi          = {10.1146/annurev-ecolsys},
	issn         = {1543-592X, 1545-2069},
	url          = {http://www.annualreviews.org/doi/10.1146/annurev-ecolsys},
	urldate      = {2021},
	journaltitle = {Annual Review of Ecology, Evolution, and Systematics},
	shortjournal = {Annu. Rev. Ecol. Evol. Syst.},
	year         = {2012},
	langid       = {english},
}

@article{aldous_stochastic_2001,
	title        = {Stochastic models and descriptive statistics for phylogenetic trees, from Yule to today},
	author       = {Aldous, David J.},
	volume       = 16,
	number       = 1,
	pages        = {23--34},
	doi          = {10.1214/ss/998929474},
	issn         = {0883-4237, 2168-8745},
	url          = {https://projecteuclid.org/journals/statistical-science/volume-16/issue-1/Stochastic-models-and-descriptive-statistics-for-phylogenetic-trees-from-Yule/10.1214/ss/998929474.full},
	urldate      = {2021},
	journaltitle = {Statistical Science},
	year         = {2001},
}

@article{mooers_inferring_1997,
	title        = {Inferring Evolutionary Process from Phylogenetic Tree Shape},
	author       = {Mooers, Arne O. and Heard, Stephen B.},
	volume       = 72,
	number       = 1,
	pages        = {31--54},
	doi          = {10.1086/419657},
	issn         = {0033-5770, 1539-7718},
	url          = {https://www.journals.uchicago.edu/doi/10.1086/419657},
	urldate      = {2021},
	journaltitle = {The Quarterly Review of Biology},
	shortjournal = {The Quarterly Review of Biology},
	year         = {1997},
	langid       = {english},
}

@article{slowinski_testing_1989,
	title        = {Testing the Stochasticity of Patterns of Organismal Diversity: An Improved Null Model},
	shorttitle   = {Testing the Stochasticity of Patterns of Organismal Diversity},
	author       = {Slowinski, Joseph B. and Guyer, Craig},
	volume       = 134,
	number       = 6,
	pages        = {907--921},
	doi          = {10.1086/285021},
	issn         = {0003-0147, 1537-5323},
	url          = {https://www.journals.uchicago.edu/doi/10.1086/285021},
	urldate      = {2021},
	journaltitle = {The American Naturalist},
	shortjournal = {The American Naturalist},
	year         = {1989},
	langid       = {english},
}

@article{gobel_1-1-correspondence_1980,
	title        = {On a 1-1-correspondence between rooted trees and natural numbers},
	author       = {Göbel, F},
	volume       = 29,
	number       = 1,
	pages        = {141--143},
	doi          = {10.1016/0095-8956(80)90049-0},
	issn         = {0095-8956},
	url          = {https://www.sciencedirect.com/science/article/pii/0095895680900490},
	urldate      = {2021},
	journaltitle = {Journal of Combinatorial Theory, Series B},
	shortjournal = {Journal of Combinatorial Theory, Series B},
	year         = {1980},
	langid       = {english},
}

@article{fittall_translating_2019,
	title        = {Translating insights into tumor evolution to clinical practice: promises and challenges},
	shorttitle   = {Translating insights into tumor evolution to clinical practice},
	author       = {Fittall, Matthew W. and Van Loo, Peter},
	volume       = 11,
	doi          = {10.1186/s13073-z},
	issn         = {1756-994X},
	url          = {https://www.ncbi.nlm.nih.gov/pmc/articles/PMC6440005/},
	urldate      = {2021},
	journaltitle = {Genome Medicine},
	shortjournal = {Genome Med},
	year         = {2019},
	pmid         = 30925887,
	pmcid        = {PMC6440005},
}

@book{durrett_probability_2008,
	title        = {Probability Models for {DNA} Sequence Evolution},
	author       = {Durrett, Richard},
	location     = {New York, {NY}},
	publisher    = {Springer New York},
	series       = {Probability and its Applications},
	doi          = {10.1007/978},
	isbn         = {978 978},
	url          = {http://link.springer.com/10.1007/978},
	urldate      = {2021},
	year         = 2008,
	langid       = {english},
}

@book{tavare_lectures_2004,
	title        = {Lectures on probability theory and statistics: Ecole d'été de probabilités de Saint-Flour {XXXI}, 2001},
	shorttitle   = {Lectures on probability theory and statistics},
	author       = {Tavaré, Simon and Tavaré, Simon and Zeitouni, Ofer and Picard, Jean},
	location     = {Berlin ; New York},
	publisher    = {Springer},
	series       = {Lecture notes in mathematics},
	number       = {v. 1837},
	isbn         = {978},
	pagetotal    = 314,
	year         = 2004,
	langid       = {english},
}

@article{kern_diploshic_2018,
	title        = {{diploS}/{HIC}: An Updated Approach to Classifying Selective Sweeps},
	shorttitle   = {{diploS}/{HIC}},
	author       = {Kern, Andrew D and Schrider, Daniel R},
	volume       = 8,
	number       = 6,
	pages        = {1959--1970},
	doi          = {10.1534/g3.118.200262},
	issn         = {2160-1836},
	url          = {https://doi.org/10.1534/g3.118.200262},
	urldate      = {2021},
	journaltitle = {G3 Genes{\textbar}Genomes{\textbar}Genetics},
	shortjournal = {G3 Genes{\textbar}Genomes{\textbar}Genetics},
	year         = {2018},
}

@article{schrider_shic_2016,
	title        = {S/{HIC}: Robust Identification of Soft and Hard Sweeps Using Machine Learning},
	shorttitle   = {S/{HIC}},
	author       = {Schrider, Daniel R. and Kern, Andrew D.},
	volume       = 12,
	number       = 3,
	pages        = {e1005928},
	doi          = {10.1371/journal.pgen.1005928},
	issn         = {1553-7404},
	url          = {https://journals.plos.org/plosgenetics/article?id=10.1371/journal.pgen.1005928},
	urldate      = {2021},
	journaltitle = {{PLOS} Genetics},
	shortjournal = {{PLOS} Genetics},
	year         = {2016},
	langid       = {english},
}

@article{williams_quantification_2018,
	title        = {Quantification of subclonal selection in cancer from bulk sequencing data},
	author       = {Williams, Marc J. and Werner, Benjamin and Heide, Timon and Curtis, Christina and Barnes, Chris P and Sottoriva, Andrea and Graham, Trevor A},
	volume       = 50,
	number       = 6,
	pages        = {895--903},
	doi          = {10.1038/s41588-6},
	issn         = {1061-4036},
	url          = {https://www.ncbi.nlm.nih.gov/pmc/articles/PMC6475346/},
	urldate      = {2021},
	journaltitle = {Nature genetics},
	shortjournal = {Nat Genet},
	year         = {2018},
	pmid         = 29808029,
	pmcid        = {PMC6475346},
}

@report{dilber_robust_2021,
	title        = {Robust detection of natural selection using a probabilistic model of tree imbalance},
	author       = {Dilber, Enes and Terhorst, Jonathan},
	doi          = {10.1101/2021.05.12.443797},
	url          = {http://biorxiv.org/lookup/doi/10.1101/2021.05.12.443797},
	urldate      = {2021},
	institution  = {Genetics},
	type         = {preprint},
	year         = {2021},
	langid       = {english},
}

@article{williams_identification_2016,
	title        = {Identification of neutral tumor evolution across cancer types},
	author       = {Williams, Marc J and Werner, Benjamin and Barnes, Chris P and Graham, Trevor A and Sottoriva, Andrea},
	volume       = 48,
	number       = 3,
	pages        = {238--244},
	doi          = {10.1038/ng.3489},
	issn         = {1061-4036},
	url          = {https://www.ncbi.nlm.nih.gov/pmc/articles/PMC4934603/},
	urldate      = {2021},
	journaltitle = {Nature genetics},
	shortjournal = {Nat Genet},
	year         = {2016},
	pmid         = 26780609,
	pmcid        = {PMC4934603},
}

@online{noauthor_phylooncology_nodate,
	title        = {{PhyloOncology}: Understanding cancer through phylogenetic analysis {\textbar} Elsevier Enhanced Reader},
	shorttitle   = {{PhyloOncology}},
	doi          = {10.1016/j.bbcan.2016.10.006},
	url          = {https://reader.elsevier.com/reader/sd/pii/S0304419X1630083X?token=D844C0BE2F4C49B15A0C0F75B4014F3C842B600DB854C54DC2093E0211A9D4C4AFD642AE2ACCAF86342622F63C59BFA1&originRegion=eu-west-1&originCreation=20210512151718},
	urldate      = {2021},
	langid       = {english},
}

@article{schrider_supervised_2018,
	title        = {Supervised Machine Learning for Population Genetics: A New Paradigm},
	shorttitle   = {Supervised Machine Learning for Population Genetics},
	author       = {Schrider, Daniel R. and Kern, Andrew D.},
	volume       = 34,
	number       = 4,
	pages        = {301--312},
	doi          = {10.1016/j.tig.2017.12.005},
	issn         = {01689525},
	url          = {https://linkinghub.elsevier.com/retrieve/pii/S0168952517302251},
	urldate      = {2021},
	journaltitle = {Trends in Genetics},
	shortjournal = {Trends in Genetics},
	year         = {2018},
	langid       = {english},
}

@report{majic_adaptive_2021,
	title        = {The adaptive potential of non-heritable somatic mutations},
	author       = {Majic, Paco and Yagmur Erten, E. and Payne, Joshua L.},
	doi          = {10.1101/2021.04.30.442123},
	url          = {http://biorxiv.org/lookup/doi/10.1101/2021.04.30.442123},
	urldate      = {2021},
	institution  = {Evolutionary Biology},
	type         = {preprint},
	year         = {2021},
	langid       = {english},
}

@inproceedings{papadopoulos_conformal_2007,
	title        = {Conformal Prediction with Neural Networks},
	author       = {Papadopoulos, Harris and Vovk, Volodya and Gammerman, Alex},
	booktitle    = {19th {IEEE} International Conference on Tools with Artificial Intelligence({ICTAI} 2007)},
	volume       = 2,
	pages        = {388--395},
	doi          = {10.1109/ICTAI.2007.47},
	eventtitle   = {19th {IEEE} International Conference on Tools with Artificial Intelligence({ICTAI} 2007)},
	year         = {2007},
}

@article{del_monte_does_2009,
	title        = {Does the cell number 10(9) still really fit one gram of tumor tissue?},
	author       = {Del Monte, Ugo},
	volume       = 8,
	number       = 3,
	pages        = {505--506},
	doi          = {10.4161/cc.8.3.7608},
	issn         = {1551-4005},
	journaltitle = {Cell Cycle (Georgetown, Tex.)},
	shortjournal = {Cell Cycle},
	year         = {2009},
	pmid         = 19176997,
}

@inproceedings{nievergelt_binary_1972,
	title        = {Binary search trees of bounded balance},
	author       = {Nievergelt, J. and Reingold, E. M.},
	booktitle    = {Proceedings of the fourth annual {ACM} symposium on Theory of computing  - {STOC} '72},
	location     = {Denver, Colorado, United States},
	publisher    = {{ACM} Press},
	pages        = {137--142},
	doi          = {10.1145/800152.804906},
	url          = {http://portal.acm.org/citation.cfm?doid=800152.804906},
	urldate      = {2023},
	eventtitle   = {the fourth annual {ACM} symposium},
	year         = 1972,
	langid       = {english},
}

@article{lee_further_2021,
	title        = {Further sharpening of Jensen's inequality},
	author       = {Lee, Sang Kyu and Chang, Jae Ho and Kim, Hyoung-Moon},
	volume       = 55,
	number       = 5,
	pages        = {1154--1168},
	doi          = {10.1080/02331888.2021.1998052},
	issn         = {0233-1888},
	url          = {https://doi.org/10.1080/02331888.2021.1998052},
	urldate      = {2023},
	journaltitle = {Statistics},
	year         = {2021},
}

@article{mckenzie_distributions_2000,
	title        = {Distributions of cherries for two models of trees},
	author       = {{McKenzie}, A. and Steel, M.},
	volume       = 164,
	number       = 1,
	pages        = {81--92},
	doi          = {10.1016/s0025-5564(99)00060-7},
	issn         = {0025-5564},
	journaltitle = {Mathematical Biosciences},
	shortjournal = {Math Biosci},
	year         = {2000},
	pmid         = 10704639,
}

@article{wong_upper_1973,
	title        = {Upper Bounds for the Total Path Length of Binary Trees},
	author       = {Wong, C. K. and Nievergelt, J.},
	volume       = 20,
	number       = 1,
	pages        = {1--6},
	doi          = {10.1145/321738.321739},
	issn         = {0004-5411, 1557-735X},
	url          = {https://dl.acm.org/doi/10.1145/321738.321739},
	urldate      = {2023},
	journaltitle = {Journal of the {ACM}},
	shortjournal = {J. {ACM}},
	year         = {1973},
	langid       = {english},
}

@article{tsakalidis_maintaining_1984,
	title        = {Maintaining order in a generalized linked list},
	author       = {Tsakalidis, Athanasios K.},
	volume       = 21,
	number       = 1,
	pages        = {101--112},
	doi          = {10.1007/BF00289142},
	issn         = {1432-0525},
	url          = {https://doi.org/10.1007/BF00289142},
	urldate      = {2023},
	journaltitle = {Acta Informatica},
	shortjournal = {Acta Informatica},
	year         = {1984},
	langid       = {english},
}

@article{ilina_survey_2022,
	title        = {A Survey on Symmetrical Neural Network Architectures and Applications},
	author       = {Ilina, Olga and Ziyadinov, Vadim and Klenov, Nikolay and Tereshonok, Maxim},
	volume       = 14,
	number       = 7,
	pages        = 1391,
	doi          = {10.3390/sym14071391},
	issn         = {2073-8994},
	url          = {https://www.mdpi.com/2073-8994/14/7/1391},
	urldate      = {2023},
	rights       = {http://creativecommons.org/licenses/by/3.0/},
	journaltitle = {Symmetry},
	year         = {2022},
	langid       = {english},
}

@article{szubert_structure-preserving_2019,
	title        = {Structure-preserving visualisation of high dimensional single-cell datasets},
	author       = {Szubert, Benjamin and Cole, Jennifer E. and Monaco, Claudia and Drozdov, Ignat},
	volume       = 9,
	number       = 1,
	pages        = 8914,
	doi          = {10.1038/s41598-0},
	issn         = {2045-2322},
	url          = {https://www.nature.com/articles/s41598-0},
	urldate      = {2023},
	rights       = {2019 The Author(s)},
	journaltitle = {Scientific Reports},
	shortjournal = {Sci Rep},
	year         = {2019},
	langid       = {english},
}

@misc{cardona_exact_2012,
	title        = {Exact formulas for the variance of several balance indices under the Yule model},
	author       = {Cardona, Gabriel and Mir, Arnau and Rossello, Francesc},
	publisher    = {{arXiv}},
	number       = {{arXiv}:1202.6573},
	url          = {http://arxiv.org/abs/1202.6573},
	urldate      = {2023},
	year         = {2012},
	eprinttype   = {arxiv},
	eprint       = {1202.6573 [math, q-bio]},
}

@misc{liao_sharpening_2017,
	title        = {Sharpening Jensen's Inequality},
	author       = {Liao, J. G. and Berg, Arthur},
	publisher    = {{arXiv}},
	number       = {{arXiv}:1707.08644},
	url          = {http://arxiv.org/abs/1707.08644},
	urldate      = {2023},
	year         = {2017},
	eprinttype   = {arxiv},
	eprint       = {1707.08644 [math, stat]},
}

@article{kirkpatrick_searching_1993,
	title        = {Searching for Evolutionary Patterns in the Shape of a Phylogenetic Tree},
	author       = {Kirkpatrick, Mark and Slatkin, Montgomery},
	volume       = 47,
	number       = 4,
	pages        = {1171--1181},
	doi          = {10.1111/j.1558-5646.1993.tb02144.x},
	issn         = {1558-5646},
	url          = {https://onlinelibrary.wiley.com/doi/abs/10.1111/j.1558-5646.1993.tb02144.x},
	urldate      = {2021},
	journaltitle = {Evolution},
	year         = 1993,
	langid       = {english},
}

@misc{gao_bounds_2020,
	title        = {Bounds on the Jensen Gap, and Implications for Mean-Concentrated Distributions},
	author       = {Gao, Xiang and Sitharam, Meera and Roitberg, Adrian E.},
	publisher    = {{arXiv}},
	number       = {{arXiv}:1712.05267},
	url          = {http://arxiv.org/abs/1712.05267},
	urldate      = {2023},
	year         = {2020},
	langid       = {english},
	eprinttype   = {arxiv},
	eprint       = {1712.05267 [math]},
}

@misc{cess_representation_2022,
	title        = {Representation learning for a generalized, quantitative comparison of complex model outputs},
	author       = {Cess, Colin G. and Finley, Stacey D.},
	publisher    = {{arXiv}},
	number       = {{arXiv}:2208.06530},
	url          = {http://arxiv.org/abs/2208.06530},
	urldate      = {2023},
	year         = {2022},
	eprinttype   = {arxiv},
	eprint       = {2208.06530 [cs]},
}

@report{cess_fitting_2023,
	title        = {Fitting agent-based models to tumor images using representation learning},
	author       = {Cess, Colin G. and Finley, Stacey D.},
	doi          = {10.1101/2023.01.12.523847},
	url          = {http://biorxiv.org/lookup/doi/10.1101/2023.01.12.523847},
	urldate      = {2023},
	institution  = {Systems Biology},
	type         = {preprint},
	year         = {2023},
	langid       = {english},
}

@article{fischer_extremal_2021,
	title        = {Extremal Values of the Sackin Tree Balance Index},
	author       = {Fischer, Mareike},
	volume       = 25,
	number       = 2,
	pages        = {515--541},
	doi          = {10.1007/s00026-2},
	issn         = {0218-0006, 0219-3094},
	url          = {https://link.springer.com/10.1007/s00026-2},
	urldate      = {2023},
	journaltitle = {Annals of Combinatorics},
	shortjournal = {Ann. Comb.},
	year         = {2021},
	langid       = {english},
}

@article{goh_two_2022,
	title        = {Two results about the Sackin and Colless indices for phylogenetic trees and their shapes},
	author       = {Goh, Gary and Fuchs, Michael and Zhang, Louxin},
	volume       = 85,
	number       = 6,
	pages        = 69,
	doi          = {10.1007/s00285-2},
	issn         = {0303-6812, 1432-1416},
	url          = {https://link.springer.com/10.1007/s00285-2},
	urldate      = {2023},
	journaltitle = {Journal of Mathematical Biology},
	shortjournal = {J. Math. Biol.},
	year         = {2022},
	langid       = {english},
}

@article{allen_new_2009,
	title        = {A New Phylogenetic Diversity Measure Generalizing the Shannon Index and Its Application to Phyllostomid Bats},
	author       = {Allen, Benjamin and Kon, Mark and Bar‐Yam, Yaneer},
	volume       = 174,
	number       = 2,
	pages        = {236--243},
	doi          = {10.1086/600101},
	issn         = {0003-0147, 1537-5323},
	url          = {https://www.journals.uchicago.edu/doi/10.1086/600101},
	urldate      = {2022},
	journaltitle = {The American Naturalist},
	shortjournal = {The American Naturalist},
	year         = {2009},
	langid       = {english}
}

@incollection{panov_spatial_2017,
	title        = {Spatial Models of Population Processes},
	author       = {Molchanov, Stanislav and Whitmeyer, Joseph},
	booktitle    = {Modern Problems of Stochastic Analysis and Statistics},
	location     = {Cham},
	publisher    = {Springer International Publishing},
	volume       = 208,
	pages        = {435--454},
	doi          = {10.1007/978_17},
	isbn         = {978 978},
	url          = {http://link.springer.com/10.1007/978\%5F17},
	urldate      = {2022},
	editor       = {Panov, Vladimir},
	year         = 2017,
	langid       = {english},
}

@inproceedings{al-saffar_review_2017,
	title        = {Review of deep convolution neural network in image classification},
	author       = {Al-Saffar, Ahmed Ali Mohammed and Tao, Hai and Talab, Mohammed Ahmed},
	booktitle    = {2017 International Conference on Radar, Antenna, Microwave, Electronics, and Telecommunications ({ICRAMET})},
	location     = {Jakarta},
	publisher    = {{IEEE}},
	pages        = {26--31},
	doi          = {10.1109/ICRAMET.2017.8253139},
	isbn         = {978},
	url          = {http://ieeexplore.ieee.org/document/8253139/},
	urldate      = {2022},
	eventtitle   = {2017 International Conference on Radar, Antenna, Microwave, Electronics, and Telecommunications ({ICRAMET})},
	year         = {2017},
	langid       = {english},
}

@article{chen_review_2021,
	title        = {Review of Image Classification Algorithms Based on Convolutional Neural Networks},
	author       = {Chen, Leiyu and Li, Shaobo and Bai, Qiang and Yang, Jing and Jiang, Sanlong and Miao, Yanming},
	volume       = 13,
	number       = 22,
	pages        = 4712,
	doi          = {10.3390/rs13224712},
	issn         = {2072-4292},
	url          = {https://www.mdpi.com/2072-4292/13/22/4712},
	urldate      = {2022},
	rights       = {http://creativecommons.org/licenses/by/3.0/},
	journaltitle = {Remote Sensing},
	year         = {2021},
	langid       = {english},
}

@inproceedings{pak_review_2017,
	title        = {A review of deep learning in image recognition},
	author       = {Pak, Myeongsuk and Kim, Sanghoon},
	booktitle    = {2017 4th International Conference on Computer Applications and Information Processing Technology ({CAIPT})},
	pages        = {1--3},
	doi          = {10.1109/CAIPT.2017.8320684},
	eventtitle   = {2017 4th International Conference on Computer Applications and Information Processing Technology ({CAIPT})},
	year         = {2017},
}

@article{gurcan_histopathological_2009,
	title        = {Histopathological Image Analysis: A Review},
	shorttitle   = {Histopathological Image Analysis},
	author       = {Gurcan, M.N. and Boucheron, L.E. and Can, A. and Madabhushi, A. and Rajpoot, N.M. and Yener, B.},
	volume       = 2,
	pages        = {147--171},
	doi          = {10.1109/RBME.2009.2034865},
	issn         = {1937-3333, 1941-1189},
	url          = {http://ieeexplore.ieee.org/document/5299287/},
	urldate      = {2022},
	journaltitle = {{IEEE} Reviews in Biomedical Engineering},
	shortjournal = {{IEEE} Rev. Biomed. Eng.},
	year         = 2009,
	langid       = {english},
}

@article{auslander_silico_2019,
	title        = {In silico learning of tumor evolution through mutational time series},
	author       = {Auslander, Noam and Wolf, Yuri I. and Koonin, Eugene V.},
	volume       = 116,
	number       = 19,
	pages        = {9501--9510},
	doi          = {10.1073/pnas.1901695116},
	url          = {https://www.pnas.org/doi/10.1073/pnas.1901695116},
	urldate      = {2022},
	journaltitle = {Proceedings of the National Academy of Sciences},
	year         = {2019},
}

@article{ouellette_inferring_2022,
	title        = {Inferring ongoing cancer evolution from single tumour biopsies using synthetic supervised learning},
	author       = {Ouellette, Tom W. and Awadalla, Philip},
	volume       = 18,
	number       = 4,
	pages        = {e1010007},
	doi          = {10.1371/journal.pcbi.1010007},
	issn         = {1553-7358},
	url          = {https://journals.plos.org/ploscompbiol/article?id=10.1371/journal.pcbi.1010007},
	urldate      = {2022},
	journaltitle = {{PLOS} Computational Biology},
	shortjournal = {{PLOS} Computational Biology},
	year         = {2022},
	langid       = {english},
}

@article{kourou_applied_2021,
	title        = {Applied machine learning in cancer research: A systematic review for patient diagnosis, classification and prognosis},
	shorttitle   = {Applied machine learning in cancer research},
	author       = {Kourou, Konstantina and Exarchos, Konstantinos P. and Papaloukas, Costas and Sakaloglou, Prodromos and Exarchos, Themis and Fotiadis, Dimitrios I.},
	volume       = 19,
	pages        = {5546--5555},
	doi          = {10.1016/j.csbj.2021.10.006},
	issn         = 20010370,
	url          = {https://linkinghub.elsevier.com/retrieve/pii/S2001037021004281},
	urldate      = {2022},
	journaltitle = {Computational and Structural Biotechnology Journal},
	shortjournal = {Computational and Structural Biotechnology Journal},
	year         = 2021,
	langid       = {english},
}

@article{ruiz_learning_2019,
	title        = {{LEARNING} {TO} {SIMULATE}},
	author       = {Ruiz, Nataniel and Schulter, Samuel and Chandraker, Manmohan},
	pages        = 12,
	year         = 2019,
	langid       = {english},
}

@article{aida_machine_nodate,
	title        = {Machine learning-assisted discovery of growth decision elements by relating bacterial population dynamics to environmental diversity},
	author       = {Aida, Honoka and Hashizume, Takamasa and Ashino, Kazuha and Ying, Bei-Wen},
	pages        = 48,
	langid       = {english},
}

@article{verdier_learning_2021,
	title        = {Learning physical properties of anomalous random walks using graph neural networks},
	author       = {Verdier, Hippolyte and Duval, Maxime and Laurent, François and Cassé, Alhassan and Vestergaard, Christian and Masson, Jean-Baptiste},
	volume       = 54,
	number       = 23,
	pages        = 234001,
	doi          = {10.1088/1751-8121/abfa45},
	issn         = {1751-8113, 1751-8121},
	url          = {http://arxiv.org/abs/2103.11738},
	urldate      = {2022},
	journaltitle = {Journal of Physics A: Mathematical and Theoretical},
	shortjournal = {J. Phys. A: Math. Theor.},
	year         = {2021},
	langid       = {english},
	eprinttype   = {arxiv},
	eprint       = {2103.11738 [physics, q-bio]},
}

@article{cess_siamese_nodate,
	title        = {Siamese neural networks for a generalized, quantitative comparison of complex model outputs},
	author       = {Cess, Colin G and Finley, Stacey D},
	pages        = 11,
	langid       = {english},
}

@misc{haughey_first_2022,
	title        = {First passage time analysis of spatial mutation patterns reveals evolutionary dynamics of pre-existing resistance in colorectal cancer},
	author       = {Haughey, Magnus J. and Bassolas, Aleix and Sousa, Sandro and Baker, Ann-Marie and Graham, Trevor A. and Nicosia, Vincenzo and Huang, Weini},
	publisher    = {{bioRxiv}},
	doi          = {10.1101/2022.02.22.481463},
	url          = {https://www.biorxiv.org/content/10.1101/2022.02.22.481463v1},
	urldate      = {2022},
	rights       = {© 2022, Posted by Cold Spring Harbor Laboratory. This pre-print is available under a Creative Commons License (Attribution-{NonCommercial}-{NoDerivs} 4.0 International), {CC} {BY}-{NC}-{ND} 4.0, as described at http://creativecommons.org/licenses/by-nc-nd/4.0/},
	year         = {2022},
	langid       = {english},
	institution  = {Cancer Biology},
	type         = {preprint}
}

@online{noauthor_mathematical_nodate,
	title        = {Mathematical model for simulation of morphological changes associated to crypt fission in the colon},
	url          = {https://www.aimsciences.org/article/doi/10.3934/dcdss.2022055},
	urldate      = {2022},
}

@article{baker_quantification_2014,
	title        = {Quantification of Crypt and Stem Cell Evolution in the Normal and Neoplastic Human Colon},
	author       = {Baker, Ann-Marie and Cereser, Biancastella and Melton, Samuel and Fletcher, Alexander G. and Rodriguez-Justo, Manuel and Tadrous, Paul J. and Humphries, Adam and Elia, George and {McDonald}, Stuart A.C. and Wright, Nicholas A. and Simons, Benjamin D. and Jansen, Marnix and Graham, Trevor A.},
	volume       = 8,
	number       = 4,
	pages        = {940--947},
	doi          = {10.1016/j.celrep.2014.07.019},
	issn         = {2211-1247},
	url          = {https://www.ncbi.nlm.nih.gov/pmc/articles/PMC4471679/},
	urldate      = {2022},
	journaltitle = {Cell Reports},
	shortjournal = {Cell Rep},
	year         = {2014},
	pmid         = 25127143,
	pmcid        = {PMC4471679},
}

@article{nicholson_fixation_2018,
	title        = {Fixation and Spread of Somatic Mutations in Adult Human Colonic Epithelium},
	author       = {Nicholson, Anna M. and Olpe, Cora and Hoyle, Alice and Thorsen, Ann-Sofie and Rus, Teja and Colombé, Mathilde and Brunton-Sim, Roxanne and Kemp, Richard and Marks, Kate and Quirke, Phil and Malhotra, Shalini and ten Hoopen, Rogier and Ibrahim, Ashraf and Lindskog, Cecilia and Myers, Meagan B. and Parsons, Barbara and Tavaré, Simon and Wilkinson, Mark and Morrissey, Edward and Winton, Douglas J.},
	volume       = 22,
	number       = 6,
	pages        = {909--918.e8},
	doi          = {10.1016/j.stem.2018.04.020},
	issn         = {1934-5909},
	url          = {https://www.ncbi.nlm.nih.gov/pmc/articles/PMC5989058/},
	urldate      = {2022},
	journaltitle = {Cell Stem Cell},
	shortjournal = {Cell Stem Cell},
	year         = {2018},
	pmid         = 29779891,
	pmcid        = {PMC5989058},
}

@report{aif_evolutionary_2022,
	title        = {Evolutionary rescue is promoted in compact cellular populations},
	author       = {Aif, Serhii and Appold, Nico and Kampman, Lucas and Hallatschek, Oskar and Kayser, Jona},
	doi          = {10.1101/2022.05.27.493727},
	url          = {http://biorxiv.org/lookup/doi/10.1101/2022.05.27.493727},
	urldate      = {2022},
	institution  = {Biophysics},
	type         = {preprint},
	year         = {2022},
	langid       = {english},
}

@article{noble_spatial_2022,
	title        = {Spatial structure governs the mode of tumour evolution},
	author       = {Noble, Robert and Burri, Dominik and Le Sueur, Cécile and Lemant, Jeanne and Viossat, Yannick and Kather, Jakob Nikolas and Beerenwinkel, Niko},
	volume       = 6,
	number       = 2,
	pages        = {207--217},
	doi          = {10.1038/s41559-9},
	issn         = {2397-334X},
	url          = {https://www.nature.com/articles/s41559-9},
	urldate      = {2022},
	journaltitle = {Nature Ecology \& Evolution},
	shortjournal = {Nat Ecol Evol},
	year         = {2022},
	langid       = {english},
}

@article{karita_mutations_2018,
	title        = {Mutations in Expanding Populations},
	author       = {Karita, Yuya and Fusco, Diana and Martis, Stephen and Schreck, Carl and Hallatschek, Oskar},
	volume       = 2018,
	pages        = {E49.008},
	url          = {https://ui.adsabs.harvard.edu/abs/2018APS..MARE49008K},
	urldate      = {2022},
	year         = {2018}
}

@article{komarova_laws_2022,
	title        = {Laws of Spatially Structured Population Dynamics on a Lattice},
	author       = {Komarova, Natalia L. and Rodriguez-Brenes, Ignacio A. and Wodarz, Dominik},
	volume       = 4,
	number       = 3,
	pages        = {812--832},
	doi          = {10.3390/physics4030052},
	issn         = {2624-8174},
	url          = {https://www.mdpi.com/2624-8174/4/3/52},
	urldate      = {2022},
	rights       = {http://creativecommons.org/licenses/by/3.0/},
	journaltitle = {Physics},
	year         = {2022},
	langid       = {english},
}

@article{peliti_towards_1994,
	title        = {Towards a statistical mechanics of biological evolution?},
	author       = {Peliti, Luca},
	volume       = 7,
	number       = 3,
	pages        = {24--25},
	doi          = {10.1088/2058-7058/7/3/27},
	issn         = {0953-8585, 2058-7058},
	url          = {https://iopscience.iop.org/article/10.1088/2058-7058/7/3/27},
	urldate      = {2022},
	journaltitle = {Physics World},
	shortjournal = {Phys. World},
	year         = {1994}
}

@article{sumedha_population_2007,
	title        = {Population size effects in evolutionary dynamics on neutral networks and toy landscapes},
	author       = {{Sumedha} and Martin, Olivier C and Peliti, Luca},
	volume       = 2007,
	number       = 5,
	pages        = {P05011--P05011},
	doi          = {10.1088/1742-5468/2007/05/P05011},
	issn         = {1742-5468},
	url          = {https://iopscience.iop.org/article/10.1088/1742-5468/2007/05/P05011},
	urldate      = {2022},
	journaltitle = {Journal of Statistical Mechanics: Theory and Experiment},
	shortjournal = {J. Stat. Mech.},
	year         = {2007},
}

@article{peliti_field_1985,
	title        = {Field theory approach to the Eden model and diffusion-limited aggregation},
	author       = {Peliti, L. and Zhang, Yi-Cheng},
	volume       = 46,
	number       = 24,
	pages        = {1151--1157},
	doi          = {10.1051/jphyslet:0198500460240115100},
	url          = {https://hal.archives-ouvertes.fr/jpa-00232950},
	urldate      = {2022},
	journaltitle = {Journal de Physique Lettres},
	year         = 1985,
}

@article{othmer_models_1988,
	title        = {Models of dispersal in biological systems},
	author       = {Othmer, H. G. and Dunbar, S. R. and Alt, W.},
	volume       = 26,
	number       = 3,
	pages        = {263--298},
	doi          = {10.1007/BF00277392},
	issn         = {0303-6812, 1432-1416},
	url          = {http://link.springer.com/10.1007/BF00277392},
	urldate      = {2022},
	journaltitle = {Journal of Mathematical Biology},
	shortjournal = {J. Math. Biology},
	year         = {1988},
	langid       = {english}
}

@article{obrien_human_2007,
	title        = {A human colon cancer cell capable of initiating tumour growth in immunodeficient mice},
	author       = {O’Brien, Catherine A. and Pollett, Aaron and Gallinger, Steven and Dick, John E.},
	volume       = 445,
	number       = 7123,
	pages        = {106--110},
	doi          = {10.1038/nature05372},
	issn         = {0028-0836, 1476-4687},
	url          = {http://www.nature.com/articles/nature05372},
	urldate      = {2022},
	journaltitle = {Nature},
	shortjournal = {Nature},
	year         = {2007},
	langid       = {english},
	rights       = {2006 Springer Nature Limited},
}

@article{gabbutt_fluctuating_2022,
	title        = {Fluctuating methylation clocks for cell lineage tracing at high temporal resolution in human tissues},
	author       = {Gabbutt, Calum and Schenck, Ryan O. and Weisenberger, Daniel J. and Kimberley, Christopher and Berner, Alison and Househam, Jacob and Lakatos, Eszter and Robertson-Tessi, Mark and Martin, Isabel and Patel, Roshani and Clark, Susan K. and Latchford, Andrew and Barnes, Chris P. and Leedham, Simon J. and Anderson, Alexander R. A. and Graham, Trevor A. and Shibata, Darryl},
	volume       = 40,
	number       = 5,
	pages        = {720--730},
	doi          = {10.1038/s41587-w},
	issn         = {1546-1696},
	url          = {https://www.nature.com/articles/s41587-w},
	urldate      = {2022},
	rights       = {2022 The Author(s)},
	journaltitle = {Nature Biotechnology},
	shortjournal = {Nat Biotechnol},
	year         = {2022},
	langid       = {english},
}

@misc{nicholson_mutation_2022,
	title        = {Mutation accumulation in exponentially growing populations},
	author       = {Nicholson, Michael D. and Cheek, David and Antal, Tibor},
	publisher    = {{arXiv}},
	number       = {{arXiv}:2208.02088},
	url          = {http://arxiv.org/abs/2208.02088},
	urldate      = {2022},
	year         = {2022},
	eprinttype   = {arxiv},
	eprint       = {2208.02088 [math, q-bio]},
}

@article{bezborodov_asymptotic_2017,
	title        = {Asymptotic shape and the speed of propagation of continuous-time continuous-space birth processes},
	author       = {Bezborodov, Viktor and Persio, Luca Di and Krueger, Tyll and Lebid, Mykola and Ożański, Tomasz},
	volume       = 50,
	number       = 1,
	pages        = {74--101},
	doi          = {10.1017/apr.2018.5},
	issn         = {0001-8678, 1475-6064},
	url          = {https://www.cambridge.org/core/journals/advances-in-applied-probability/article/abs/asymptotic-shape-and-the-speed-of-propagation-of-continuoustime-continuousspace-birth-processes/3232E000771D08A0CF2A9566970A137C},
	urldate      = {2022},
	journaltitle = {Advances in Applied Probability},
	year         = {2017},
	langid       = {english},
}

@book{cardy_scaling_1996,
	title        = {Scaling and Renormalization in Statistical Physics},
	author       = {Cardy, John},
	publisher    = {Cambridge University Press},
	isbn         = {978},
	pagetotal    = 264,
	year         = {1996},
	langid       = {english},
}

@book{mccomb_renormalization_2003,
	title        = {Renormalization Methods: A Guide For Beginners},
	shorttitle   = {Renormalization Methods},
	author       = {{McComb}, William David},
	publisher    = {{OUP} Oxford},
	isbn         = {978},
	pagetotal    = 354,
	year         = {2003},
	langid       = {english},
}

@inreference{noauthor_renormalization_2022,
	title        = {Renormalization group},
	booktitle    = {Wikipedia},
	url          = {https://en.wikipedia.org/w/index.php?title=Renormalization\%5Fgroup&oldid=1092542965},
	urldate      = {2022},
	rights       = {Creative Commons Attribution-{ShareAlike} License},
	year         = {2022},
	langid       = {english}
}

@article{delamotte_hint_2004,
	title        = {A hint of renormalization},
	author       = {Delamotte, B.},
	volume       = 72,
	number       = 2,
	pages        = {170--184},
	doi          = {10.1119/1.1624112},
	issn         = {0002-9505, 1943-2909},
	url          = {http://arxiv.org/abs/hep-th/0212049},
	urldate      = {2022},
	journaltitle = {American Journal of Physics},
	shortjournal = {American Journal of Physics},
	year         = {2004},
	eprinttype   = {arxiv},
	eprint       = {hep-th/0212049},
}

@article{morrison_complex_2014,
	title        = {Complex Systems and Renormalization Group Explanations},
	author       = {Morrison, Margaret},
	volume       = 81,
	number       = 5,
	pages        = {1144--1156},
	doi          = {10.1086/677904},
	issn         = {0031-8248, 1539-767X},
	url          = {https://www.cambridge.org/core/product/identifier/S0031824800007613/type/journal\%5Farticle},
	urldate      = {2022},
	journaltitle = {Philosophy of Science},
	shortjournal = {Philos. of Sci.},
	year         = {2014},
	langid       = {english},
}

@article{koch_is_2020,
	title        = {Is Deep Learning a Renormalization Group Flow?},
	author       = {Koch, Ellen de Mello and Koch, Robert de Mello and Cheng, Ling},
	volume       = 8,
	pages        = {106487--106505},
	doi          = {10.1109/ACCESS.2020.3000901},
	issn         = {2169-3536},
	url          = {http://arxiv.org/abs/1906.05212},
	urldate      = {2022},
	journaltitle = {{IEEE} Access},
	shortjournal = {{IEEE} Access},
	year         = 2020,
	eprinttype   = {arxiv},
	eprint       = {1906.05212 [cond-mat, physics:physics, stat]},
}

@article{chung_neural_2021,
	title        = {Neural Monte Carlo Renormalization Group},
	author       = {Chung, Jui-Hui and Kao, Ying-Jer},
	volume       = 3,
	number       = 2,
	pages        = {023230},
	doi          = {10.1103/PhysRevResearch.3.023230},
	issn         = {2643-1564},
	url          = {http://arxiv.org/abs/2010.05703},
	urldate      = {2022},
	journaltitle = {Physical Review Research},
	shortjournal = {Phys. Rev. Research},
	year         = {2021},
	eprinttype   = {arxiv},
	eprint       = {2010.05703 [cond-mat, physics:hep-th]},
}

@article{cavagna_renormalization_2019,
	title        = {Renormalization group crossover in the critical dynamics of field theories with mode coupling terms},
	author       = {Cavagna, Andrea and Di Carlo, Luca and Giardina, Irene and Grandinetti, Luca and Grigera, Tomas S. and Pisegna, Giulia},
	volume       = 100,
	number       = 6,
	pages        = {062130},
	doi          = {10.1103/PhysRevE.100.062130},
	url          = {https://link.aps.org/doi/10.1103/PhysRevE.100.062130},
	urldate      = {2022},
	journaltitle = {Physical Review E},
	shortjournal = {Phys. Rev. E},
	year         = {2019},
}

@article{koehl_renormalization_2017,
	title        = {The Renormalization Group and Its Applications to Generating Coarse-Grained Models of Large Biological Molecular Systems},
	author       = {Koehl, Patrice and Poitevin, Frédéric and Navaza, Rafael and Delarue, Marc},
	volume       = 13,
	number       = 3,
	pages        = {1424--1438},
	doi          = {10.1021/acs.jctc.6b01136},
	issn         = {1549-9626},
	journaltitle = {Journal of Chemical Theory and Computation},
	shortjournal = {J Chem Theory Comput},
	year         = {2017},
	pmid         = 28170254,
}

@article{waclaw_spatial_2015,
	title        = {A spatial model predicts that dispersal and cell turnover limit intratumour heterogeneity},
	author       = {Waclaw, Bartlomiej and Bozic, Ivana and Pittman, Meredith E. and Hruban, Ralph H. and Vogelstein, Bert and Nowak, Martin A.},
	volume       = 525,
	number       = 7568,
	pages        = {261--264},
	doi          = {10.1038/nature14971},
	issn         = {1476-4687},
	url          = {https://www.nature.com/articles/nature14971},
	urldate      = {2022},
	rights       = {2015 Nature Publishing Group, a division of Macmillan Publishers Limited. All Rights Reserved.},
	journaltitle = {Nature},
	year         = {2015},
	langid       = {english},
}

@article{gralka_environmental_2019,
	title        = {Environmental heterogeneity can tip the population genetics of range expansions},
	author       = {Gralka, Matti and Hallatschek, Oskar},
	volume       = 8,
	pages        = {e44359},
	doi          = {10.7554/eLife.44359},
	issn         = {2050-084X},
	url          = {https://doi.org/10.7554/eLife.44359},
	urldate      = {2022},
	journaltitle = {{eLife}},
	editor       = {Neher, Richard A and Baldwin, Ian T and Neher, Richard A and Lavrentovich, Maxim},
	year         = {2019},
}

@report{kreger_role_2021,
	title        = {The role of migration in mutant evolution in fragmented populations},
	author       = {Kreger, Jesse and Brown, Donovan and Komarova, Natalia L. and Wodarz, Dominik and Pritchard, Justin},
	doi          = {10.1101/2021.06.09.447669},
	url          = {http://biorxiv.org/lookup/doi/10.1101/2021.06.09.447669},
	urldate      = {2022},
	institution  = {Evolutionary Biology},
	type         = {preprint},
	year         = {2021},
	langid       = {english},
}

@article{ponz_de_leon_pathology_2001,
	title        = {Pathology of colorectal cancer},
	author       = {Ponz de Leon, M. and Di Gregorio, C.},
	volume       = 33,
	number       = 4,
	pages        = {372--388},
	doi          = {10.1016/S1590-8658(01)80095-5},
	issn         = 15908658,
	url          = {https://linkinghub.elsevier.com/retrieve/pii/S1590865801800955},
	urldate      = {2022},
	journaltitle = {Digestive and Liver Disease},
	shortjournal = {Digestive and Liver Disease},
	year         = {2001},
	langid       = {english}
}

@report{krishnan_range_2019,
	title        = {Range expansion shifts clonal interference patterns in evolving populations},
	author       = {Krishnan, Nikhil and Fusco, Diana and Scott, Jacob G.},
	doi          = {10.1101/794867},
	url          = {http://biorxiv.org/lookup/doi/10.1101/794867},
	urldate      = {2022},
	institution  = {Evolutionary Biology},
	type         = {preprint},
	year         = {2019},
	langid       = {english},
}

@article{kirshtein_data_nodate,
	title        = {Data driven mathematical model of colon cancer progression},
	author       = {Kirshtein, Arkadz and Akbarinejad, Shaya and Hao, Wenrui and Le, Trang and Aronow, Rachel A and Shahriyari, Leili},
	pages        = 37,
	langid       = {english},
}

@article{almet_multicellular_2018,
	title        = {A Multicellular Model of Intestinal Crypt Buckling and Fission},
	author       = {Almet, Axel A. and Hughes, Barry D. and Landman, Kerry A. and Näthke, Inke S. and Osborne, James M.},
	volume       = 80,
	number       = 2,
	pages        = {335--359},
	doi          = {10.1007/s11538-z},
	issn         = {0092-8240, 1522-9602},
	url          = {http://link.springer.com/10.1007/s11538-z},
	urldate      = {2022},
	journaltitle = {Bulletin of Mathematical Biology},
	shortjournal = {Bull Math Biol},
	year         = {2018},
	langid       = {english},
}

@article{baker_crypt_2019,
	title        = {Crypt fusion as a homeostatic mechanism in the human colon},
	author       = {Baker, Ann-Marie and Gabbutt, Calum and Williams, Marc J and Cereser, Biancastella and Jawad, Noor and Rodriguez-Justo, Manuel and Jansen, Marnix and Barnes, Chris P and Simons, Benjamin D and {McDonald}, Stuart {AC} and Graham, Trevor A and Wright, Nicholas A},
	volume       = 68,
	number       = 11,
	pages        = {1986--1993},
	doi          = {10.1136/gutjnl},
	issn         = {0017-5749},
	url          = {https://www.ncbi.nlm.nih.gov/pmc/articles/PMC6839731/},
	urldate      = {2022},
	journaltitle = {Gut},
	shortjournal = {Gut},
	year         = {2019},
	pmid         = 30872394,
	pmcid        = {PMC6839731},
}

@article{min_spatial_nodate,
	title        = {Spatial structure alters the site frequency spectrum produced by hitchhiking},
	author       = {Min, Jiseon and Gupta, Misha and Desai, Michael M and Weissman, Daniel B},
	pages        = 13,
	langid       = {english},
}

@article{uhl_spatial_2022,
	title        = {Spatial dynamics of feedback and feedforward regulation in cell lineages},
	author       = {Uhl, Peter and Lowengrub, John and Komarova, Natalia and Wodarz, Dominik},
	volume       = 18,
	number       = 5,
	pages        = {e1010039},
	doi          = {10.1371/journal.pcbi.1010039},
	issn         = {1553-7358},
	url          = {https://journals.plos.org/ploscompbiol/article?id=10.1371/journal.pcbi.1010039},
	urldate      = {2022},
	journaltitle = {{PLOS} Computational Biology},
	shortjournal = {{PLOS} Computational Biology},
	year         = {2022},
	langid       = {english},
}

@article{bull_hallmarks_2022,
	title        = {The Hallmarks of Mathematical Oncology},
	author       = {Bull, Joshua Adam and Byrne, Helen Mary},
	pages        = {1--18},
	doi          = {10.1109/JPROC.2021.3136715},
	issn         = {1558-2256},
	journaltitle = {Proceedings of the {IEEE}},
	year         = 2022,
}

@software{rotger_collesslike_2019,
	title        = {{CollessLike} R-package},
	author       = {Rotger, Lucia},
	url          = {https://github.com/LuciaRotger/CollessLike},
	urldate      = {2021},
	year         = {2019}
}

@article{rosen_vicariant_1978,
	title        = {Vicariant Patterns and Historical Explanation in Biogeography},
	author       = {Rosen, Donn E.},
	volume       = 27,
	number       = 2,
	pages        = {159--188},
	doi          = {10.2307/2412970},
	issn         = {0039-7989},
	url          = {https://www.jstor.org/stable/2412970},
	urldate      = {2021},
	journaltitle = {Systematic Zoology},
	year         = 1978
}

@software{noble_demonanalysis_2020,
	title        = {demonanalysis},
	author       = {Noble, Rob},
	url          = {https://github.com/robjohnnoble/demonanalysis},
	urldate      = {2021},
	year         = {2020}
}

@article{cernat_colorectal_2014,
	title        = {Colorectal Cancers Mimic Structural Organization of Normal Colonic Crypts},
	author       = {Cernat, Laura and Blaj, Cristina and Jackstadt, Rene and Brandl, Lydia and Engel, Jutta and Hermeking, Heiko and Jung, Andreas and Kirchner, Thomas and Horst, David},
	volume       = 9,
	number       = 8,
	pages        = {e104284},
	doi          = {10.1371/journal.pone.0104284},
	issn         = {1932-6203},
	url          = {https://www.ncbi.nlm.nih.gov/pmc/articles/PMC4128715/},
	urldate      = {2021},
	journaltitle = {{PLoS} {ONE}},
	shortjournal = {{PLoS} One},
	year         = {2014},
	pmid         = 25111606,
	pmcid        = {PMC4128715},
}

@article{preston_bottom-up_nodate,
	title        = {Bottom-up Histogenesis of Colorectal Adenomas: Origin in the Monocryptal Adenoma and Initial Expansion by Crypt Fission},
	author       = {Preston, Sean L and Wong, Wai-Man and Chan, Annie On-On and Poulsom, Richard and Jeffery, Rosemary and Goodlad, Robert A and Mandir, Nikki and Elia, George and Novelli, Marco and Bodmer, Walter F and Tomlinson, Ian P and Wright, Nicholas A},
	pages        = 8,
	langid       = {english},
    year         = {2003},
}

@article{durrett_traveling_2011,
	title        = {{TRAVELING} {WAVES} {OF} {SELECTIVE} {SWEEPS}},
	author       = {Durrett, Rick and Mayberry, John},
	volume       = 21,
	number       = 2,
	pages        = {699--744},
	issn         = {1050-5164},
	url          = {https://www.jstor.org/stable/29779387},
	urldate      = {2021},
	journaltitle = {The Annals of Applied Probability},
	year         = 2011,
}

@article{casas-selves_how_2011,
	title        = {How cancer shapes evolution, and how evolution shapes cancer},
	author       = {Casás-Selves, Matias and {DeGregori}, James},
	volume       = 4,
	number       = 4,
	pages        = {624--634},
	doi          = {10.1007/s12052-y},
	issn         = {1936-6426},
	url          = {https://www.ncbi.nlm.nih.gov/pmc/articles/PMC3660034/},
	urldate      = {2021},
	journaltitle = {Evolution},
	shortjournal = {Evolution (N Y)},
	year         = {2011},
	pmid         = 23705033,
	pmcid        = {PMC3660034},
}

@incollection{lechevallier_integrating_2010,
	title        = {Integrating Approximate Bayesian Computation with Complex Agent-Based Models for Cancer Research},
	author       = {Sottoriva, Andrea and Tavaré, Simon},
	booktitle    = {Proceedings of {COMPSTAT}'2010},
	location     = {Heidelberg},
	publisher    = {Physica-Verlag {HD}},
	pages        = {57--66},
	doi          = {10.1007/978_5},
	isbn         = {978 978},
	url          = {https://link.springer.com/10.1007/978\%5F5},
	urldate      = {2023},
	editor       = {Lechevallier, Yves and Saporta, Gilbert},
	year         = 2010,
	langid       = {english},
}

@online{noauthor_investigating_nodate,
	title        = {Investigating stem cells in human colon by using methylation patterns},
	doi          = {10.1073/pnas.191225998},
	url          = {https://www.pnas.org/doi/10.1073/pnas.191225998},
	urldate      = {2023},
	langid       = {english},
}

@article{illingworth_orphan_2010,
	title        = {Orphan {CpG} Islands Identify Numerous Conserved Promoters in the Mammalian Genome},
	author       = {Illingworth, Robert S. and Gruenewald-Schneider, Ulrike and Webb, Shaun and Kerr, Alastair R. W. and James, Keith D. and Turner, Daniel J. and Smith, Colin and Harrison, David J. and Andrews, Robert and Bird, Adrian P.},
	volume       = 6,
	number       = 9,
	pages        = {e1001134},
	doi          = {10.1371/journal.pgen.1001134},
	issn         = {1553-7390},
	url          = {https://www.ncbi.nlm.nih.gov/pmc/articles/PMC2944787/},
	urldate      = {2023},
	journaltitle = {{PLoS} Genetics},
	shortjournal = {{PLoS} Genet},
	year         = {2010},
	pmid         = 20885785,
	pmcid        = {PMC2944787},
}

@article{murgas_bayesian_2021,
	title        = {A Bayesian hierarchical model to estimate {DNA} methylation conservation in colorectal tumors},
	author       = {Murgas, Kevin A and Ma, Yanlin and Shahidi, Lidea K and Mukherjee, Sayan and Allen, Andrew S and Shibata, Darryl and Ryser, Marc D},
	volume       = 38,
	number       = 1,
	pages        = {22--29},
	doi          = {10.1093/bioinformatics/btab637},
	issn         = {1367-4803},
	url          = {https://www.ncbi.nlm.nih.gov/pmc/articles/PMC10060692/},
	urldate      = {2023},
	journaltitle = {Bioinformatics},
	shortjournal = {Bioinformatics},
	year         = {2021},
	pmid         = 34487148,
	pmcid        = {PMC10060692},
}

@article{gabbutt_lineage_2022,
	title        = {Lineage tracing in human tissues},
	author       = {Gabbutt, Calum and Wright, Nicholas A and Baker, Ann‐Marie and Shibata, Darryl and Graham, Trevor A},
	volume       = 257,
	number       = 4,
	pages        = {501--512},
	doi          = {10.1002/path.5911},
	issn         = {0022-3417},
	url          = {https://www.ncbi.nlm.nih.gov/pmc/articles/PMC9253082/},
	urldate      = {2023},
	journaltitle = {The Journal of Pathology},
	shortjournal = {J Pathol},
	year         = {2022},
	pmid         = 35415852,
	pmcid        = {PMC9253082},
}

@article{lewinsohn_state-dependent_2023,
	title        = {State-dependent evolutionary models reveal modes of solid tumour growth},
	author       = {Lewinsohn, Maya A. and Bedford, Trevor and Müller, Nicola F. and Feder, Alison F.},
	volume       = 7,
	number       = 4,
	pages        = {581--596},
	doi          = {10.1038/s41559-4},
	issn         = {2397-334X},
	url          = {https://www.nature.com/articles/s41559-4},
	urldate      = {2023},
	rights       = {2023 This is a U.S. Government work and not under copyright protection in the {US}; foreign copyright protection may apply},
	journaltitle = {Nature Ecology \& Evolution},
	shortjournal = {Nat Ecol Evol},
	year         = {2023},
	langid       = {english},
}

@article{kurpas_modes_2022,
	title        = {Modes of Selection in Tumors as Reflected by Two Mathematical Models and Site Frequency Spectra},
	author       = {Kurpas, Monika K. and Kimmel, Marek},
	volume       = 10,
	issn         = {2296-701X},
	url          = {https://www.frontiersin.org/articles/10.3389/fevo.2022.889438},
	urldate      = {2023},
	journaltitle = {Frontiers in Ecology and Evolution},
	year         = 2022,
}

@inproceedings{edrisi_moternn_2023,
	title        = {{MoTERNN}: Classifying the Mode of Cancer Evolution Using Recursive Neural Networks},
	shorttitle   = {{MoTERNN}},
	author       = {Edrisi, Mohammadamin and Ogilvie, Huw A. and Li, Meng and Nakhleh, Luay},
	booktitle    = {Comparative Genomics},
	location     = {Cham},
	publisher    = {Springer Nature Switzerland},
	series       = {Lecture Notes in Computer Science},
	pages        = {232--247},
	doi          = {10.1007/978_15},
	isbn         = {978},
	editor       = {Jahn, Katharina and Vinař, Tomáš},
	year         = 2023,
	langid       = {english},
}

@article{seferbekova_spatial_2023,
	title        = {Spatial biology of cancer evolution},
	author       = {Seferbekova, Zaira and Lomakin, Artem and Yates, Lucy R. and Gerstung, Moritz},
	volume       = 24,
	number       = 5,
	pages        = {295--313},
	doi          = {10.1038/s41576-x},
	issn         = {1471-0064},
	url          = {https://www.nature.com/articles/s41576-x},
	urldate      = {2023},
	rights       = {2022 Springer Nature Limited},
	journaltitle = {Nature Reviews Genetics},
	shortjournal = {Nat Rev Genet},
	year         = {2023},
	langid       = {english},
}

@article{west_normal_2021,
	title        = {Normal tissue architecture determines the evolutionary course of cancer},
	author       = {West, Jeffrey and Schenck, Ryan O. and Gatenbee, Chandler and Robertson-Tessi, Mark and Anderson, Alexander R. A.},
	volume       = 12,
	number       = 1,
	pages        = 2060,
	doi          = {10.1038/s41467-1},
	issn         = {2041-1723},
	url          = {https://www.nature.com/articles/s41467-1},
	urldate      = {2023},
	rights       = {2021 The Author(s)},
	journaltitle = {Nature Communications},
	shortjournal = {Nat Commun},
	year         = {2021},
	langid       = {english},
}

@article{traulsen_fastest_2007,
	title        = {The fastest evolutionary trajectory},
	author       = {Traulsen, Arne and Iwasa, Yoh and Nowak, Martin A.},
	volume       = 249,
	number       = 3,
	pages        = {617--623},
	doi          = {10.1016/j.jtbi.2007.08.012},
	issn         = {0022-5193},
	url          = {https://www.ncbi.nlm.nih.gov/pmc/articles/PMC2384164/},
	urldate      = {2023},
	journaltitle = {Journal of theoretical biology},
	shortjournal = {J Theor Biol},
	year         = {2007},
	pmid         = 17900629,
	pmcid        = {PMC2384164},
}

@article{pittel_growing_1984,
	title        = {On growing random binary trees},
	author       = {Pittel, Boris},
	volume       = 103,
	number       = 2,
	pages        = {461--480},
	doi          = {10.1016/0022-247X(84)90141-0},
	issn         = {0022247X},
	url          = {https://linkinghub.elsevier.com/retrieve/pii/0022247X84901410},
	urldate      = {2023},
	journaltitle = {Journal of Mathematical Analysis and Applications},
	shortjournal = {Journal of Mathematical Analysis and Applications},
	year         = {1984},
	langid       = {english},
}

@article{noauthor_minimal_1995,
	title        = {Minimal path length of trees with known fringe},
	volume       = 143,
	number       = 1,
	pages        = {175--188},
	doi          = {10.1016/0304-3975(95)80033-6},
	issn         = {0304-3975},
	url          = {https://www.sciencedirect.com/science/article/pii/0304397595800336},
	urldate      = {2023},
	journaltitle = {Theoretical Computer Science},
	year         = {1995},
	langid       = {american},
}

@article{cameron_fringe_1998,
	title        = {Fringe thickness and maximum path length of binary trees},
	author       = {Cameron, Helen},
	volume       = 89,
	number       = 1,
	pages        = {75--97},
	doi          = {10.1016/S0166-218X(98)00117-6},
	issn         = {0166218X},
	url          = {https://linkinghub.elsevier.com/retrieve/pii/S0166218X98001176},
	urldate      = {2023},
	journaltitle = {Discrete Applied Mathematics},
	shortjournal = {Discrete Applied Mathematics},
	year         = {1998},
	langid       = {english},
}

@misc{noble_new_2023,
	title        = {A new universal system of tree shape indices},
	author       = {Noble, Robert and Verity, Kimberley},
	publisher    = {{bioRxiv}},
	doi          = {10.1101/2023.07.17.549219},
	url          = {https://www.biorxiv.org/content/10.1101/2023.07.17.549219v2},
	urldate      = {2023},
	rights       = {© 2023, Posted by Cold Spring Harbor Laboratory. This pre-print is available under a Creative Commons License (Attribution-{NonCommercial}-{NoDerivs} 4.0 International), {CC} {BY}-{NC}-{ND} 4.0, as described at http://creativecommons.org/licenses/by-nc-nd/4.0/},
	year         = {2023},
	langid       = {english},
}

@online{chauvin_connecting_2004,
	title        = {Connecting Yule Process, Bisection and Binary Search Tree via Martingales},
	author       = {Chauvin, B. and Rouault, A.},
	url          = {https://arxiv.org/abs/math/0410318v1},
	urldate      = {2023},
	titleaddon   = {{arXiv}.org},
	year         = {2004},
	langid       = {english},
}

@article{huffman_method_1952,
	title        = {A Method for the Construction of Minimum-Redundancy Codes},
	author       = {Huffman, David A.},
	volume       = 40,
	number       = 9,
	pages        = {1098--1101},
	doi          = {10.1109/JRPROC.1952.273898},
	issn         = {2162-6634},
	url          = {https://ieeexplore.ieee.org/document/4051119},
	urldate      = {2023},
	journaltitle = {Proceedings of the {IRE}},
	year         = {1952},
}

@article{nievergelt_binary_1974,
	title        = {Binary Search Trees and File Organization},
	author       = {Nievergelt, J.},
	volume       = 6,
	number       = 3,
	pages        = {195--207},
	doi          = {10.1145/356631.356634},
	issn         = {0360-0300},
	url          = {https://dl.acm.org/doi/10.1145/356631.356634},
	urldate      = {2023},
	journaltitle = {{ACM} Computing Surveys},
	shortjournal = {{ACM} Comput. Surv.},
	year         = {1974},
}

@article{pasco_source_1977,
	title        = {Source coding algorithms for fast data compression (Ph.D. Thesis abstr.)},
	author       = {Pasco, R.},
	volume       = 23,
	number       = 4,
	pages        = {548--548},
	doi          = {10.1109/TIT.1977.1055739},
	issn         = {1557-9654},
	url          = {https://ieeexplore.ieee.org/document/1055739},
	urldate      = {2023},
	journaltitle = {{IEEE} Transactions on Information Theory},
	year         = {1977},
}

@article{nievergelt_bounds_1972,
	title        = {Bounds on the weighted path length of binary trees},
	author       = {Nievergelt, J. and Pradels, J. and Wong, C. K. and Yue, P. C.},
	volume       = 1,
	number       = 6,
	pages        = {220--225},
	doi          = {https://doi.org/10.1016/0020-0190(72)90015-4},
	issn         = {0020-0190},
	url          = {https://www.sciencedirect.com/science/article/pii/0020019072900154},
	journaltitle = {Information Processing Letters},
	year         = 1972,
}

@article{nagaraj_optimal_1997,
	title        = {Optimal binary search trees},
	author       = {Nagaraj, S. V.},
	volume       = 188,
	number       = 1,
	pages        = {1--44},
	doi          = {10.1016/S0304-3975(96)00320-9},
	issn         = {0304-3975},
	url          = {https://www.sciencedirect.com/science/article/pii/S0304397596003209},
	urldate      = {2023},
	journaltitle = {Theoretical Computer Science},
	shortjournal = {Theoretical Computer Science},
	year         = {1997},
}

@article{eghdami_branching_2022,
	title        = {Branching structure of genealogies in spatially growing populations and its implications for population genetics inference},
	author       = {Eghdami, Armin and Paulose, Jayson and Fusco, Diana},
	volume       = 34,
	number       = 29,
	pages        = 294008,
	doi          = {10.1088/1361-648X/ac6cd9},
	issn         = {0953-8984},
	url          = {https://dx.doi.org/10.1088/1361-648X/ac6cd9},
	urldate      = {2023},
	journaltitle = {Journal of Physics: Condensed Matter},
	shortjournal = {J. Phys.: Condens. Matter},
	year         = {2022},
	langid       = {english},
}

@article{lemant_robust_2022,
	title        = {Robust, Universal Tree Balance Indices},
	author       = {Lemant, Jeanne and Le Sueur, Cécile and Manojlović, Veselin and Noble, Robert},
	volume       = 71,
	number       = 5,
	pages        = {1210--1224},
	doi          = {10.1093/sysbio/syac027},
	issn         = {1063-5157, 1076-836X},
	url          = {https://academic.oup.com/sysbio/article/71/5/1210/6567363},
	urldate      = {2023},
	journaltitle = {Systematic Biology},
	editor       = {Rosindell, James},
	year         = {2022},
	langid       = {english},
}

@software{noauthor_ape_2023,
	title        = {ape},
	publisher    = {cran},
	url          = {https://github.com/cran/ape},
	urldate      = {2023},
	rights       = {{GPL}-2.0},
	year         = {2023}
}

@software{vesmanojlovic_trajectories,
    author       = {Manojlović, Veselin},
	title        = {demon\_trajectories},
	publisher    = {GitHub},
	url          = {https://github.com/vesmanojlovic/demon\_trajectories},
	year         = {2023}
}

@article{li_mutation_2023,
	title        = {Mutation divergence over space in tumour expansion},
	author       = {Li, Haiyang and Yang, Zixuan and Tu, Fengyu and Deng, Lijuan and Han, Yuqing and Fu, Xing and Wang, Long and Gu, Di and Werner, Benjamin and Huang, Weini},
	volume       = 20,
	number       = 208,
	pages        = 20230542,
	doi          = {10.1098/rsif.2023.0542},
	url          = {https://royalsocietypublishing.org/doi/10.1098/rsif.2023.0542},
	urldate      = {2023},
	journaltitle = {Journal of The Royal Society Interface},
	year         = {2023},
}

@misc{gabbutt_evolutionary_2023,
	title        = {Evolutionary dynamics of 1,976 lymphoid malignancies predict clinical outcome},
	author       = {Gabbutt, Calum and Duran-Ferrer, Martí and Grant, Heather and Mallo, Diego and Nadeu, Ferran and Househam, Jacob and Villamor, Neus and Krali, Olga and Nordlund, Jessica and Zenz, Thorsten and Campo, Elias and Lopez-Guillermo, Armando and Fitzgibbon, Jude and Barnes, Chris P. and Shibata, Darryl and Martin-Subero, José I. and Graham, Trevor A.},
	publisher    = {{medRxiv}},
	doi          = {10.1101/2023.11.10.23298336},
	url          = {https://www.medrxiv.org/content/10.1101/2023.11.10.23298336v1},
	urldate      = {2023},
	rights       = {© 2023, Posted by Cold Spring Harbor Laboratory. This pre-print is available under a Creative Commons License (Attribution-{NonCommercial}-{NoDerivs} 4.0 International), {CC} {BY}-{NC}-{ND} 4.0, as described at http://creativecommons.org/licenses/by-nc-nd/4.0/},
	year         = {2023},
	langid       = {english},
}

@article{tarabichi_practical_2021,
	title        = {A practical guide to cancer subclonal reconstruction from {DNA} sequencing},
	author       = {Tarabichi, Maxime and Salcedo, Adriana and Deshwar, Amit G. and Leathlobhair, Máire Ni and Wintersinger, Jeff and Wedge, David C. and Van Loo, Peter and Morris, Quaid D. and Boutros, Paul C.},
	volume       = 18,
	number       = 2,
	pages        = {144--155},
	doi          = {10.1038/s41592-2},
	issn         = {1548-7091},
	url          = {https://www.ncbi.nlm.nih.gov/pmc/articles/PMC7867630/},
	urldate      = {2024},
	journaltitle = {Nature methods},
	shortjournal = {Nat Methods},
	year         = {2021},
	pmid         = 33398189,
	pmcid        = {PMC7867630},
}

@article{baldwin_dna_2022,
	title        = {{DNA} barcoding reveals ongoing immunoediting of clonal cancer populations during metastatic progression and immunotherapy response},
	author       = {Baldwin, Louise A. and Bartonicek, Nenad and Yang, Jessica and Wu, Sunny Z. and Deng, Niantao and Roden, Daniel L. and Chan, Chia-Ling and Al-Eryani, Ghamdan and Zanker, Damien J. and Parker, Belinda S. and Swarbrick, Alexander and Junankar, Simon},
	volume       = 13,
	number       = 1,
	pages        = 6539,
	doi          = {10.1038/s41467-x},
	issn         = {2041-1723},
	url          = {https://www.nature.com/articles/s41467-x},
	urldate      = {2024},
	rights       = {2022 The Author(s)},
	journaltitle = {Nature Communications},
	shortjournal = {Nat Commun},
	year         = {2022},
	langid       = {english},
}

@article{gisselsson_clonal_2019,
	title        = {Clonal evolution through genetic bottlenecks and telomere attrition: Potential threats to in vitro data reproducibility},
	shorttitle   = {Clonal evolution through genetic bottlenecks and telomere attrition},
	author       = {Gisselsson, David and Lichtenzstejn, Daniel and Kachko, Polina and Karlsson, Jenny and Manor, Esther and Mai, Sabine},
	volume       = 58,
	number       = 7,
	pages        = {452--461},
	doi          = {10.1002/gcc.22685},
	issn         = {1098-2264},
	url          = {https://onlinelibrary.wiley.com/doi/abs/10.1002/gcc.22685},
	urldate      = {2024},
	journaltitle = {Genes, Chromosomes and Cancer},
	year         = 2019,
	langid       = {english},
}

@article{manica_inferring_2020,
	title        = {Inferring clonal composition from multiple tumor biopsies},
	author       = {Manica, Matteo and Kim, Hyunjae Ryan and Mathis, Roland and Chouvarine, Philippe and Rutishauser, Dorothea and De Vargas Roditi, Laura and Szalai, Bence and Wagner, Ulrich and Oehl, Kathrin and Saba, Karim and Pati, Arati and Saez-Rodriguez, Julio and Roy, Angshumoy and Parsons, Donald W. and Wild, Peter J. and Martínez, María Rodríguez and Sumazin, Pavel},
	volume       = 6,
	number       = 1,
	pages        = {1--13},
	doi          = {10.1038/s41540-5},
	issn         = {2056-7189},
	url          = {https://www.nature.com/articles/s41540-5},
	urldate      = {2024},
	rights       = {2020 The Author(s)},
	journaltitle = {npj Systems Biology and Applications},
	shortjournal = {npj Syst Biol Appl},
	year         = {2020},
	langid       = {english},
}

@article{greaves_clonal_2012,
	title        = {{CLONAL} {EVOLUTION} {IN} {CANCER}},
	author       = {Greaves, Mel and Maley, Carlo C.},
	volume       = 481,
	number       = 7381,
	pages        = {306--313},
	doi          = {10.1038/nature10762},
	issn         = {0028-0836},
	url          = {https://www.ncbi.nlm.nih.gov/pmc/articles/PMC3367003/},
	urldate      = {2024},
	journaltitle = {Nature},
	shortjournal = {Nature},
	year         = {2012},
	pmid         = 22258609,
	pmcid        = {PMC3367003},
}

@article{lin_estimating_2023,
	title        = {Estimating genome-wide {DNA} methylation heterogeneity with methylation patterns},
	author       = {Lin, Pei-Yu and Chang, Ya-Ting and Huang, Yu-Chun and Chen, Pao-Yang},
	volume       = 16,
	number       = 1,
	pages        = 44,
	doi          = {10.1186/s13072-7},
	issn         = {1756-8935},
	url          = {https://doi.org/10.1186/s13072-7},
	urldate      = {2024},
	journaltitle = {Epigenetics \& Chromatin},
	shortjournal = {Epigenetics \& Chromatin},
	year         = {2023},
}

@report{dinh_comparison_2023,
	title        = {Comparison of Tug-of-War Models Assuming Moran versus Branching Process Population Dynamics},
	author       = {Dinh, Khanh N and Kurpas, Monika Klara and Kimmel, Marek},
	doi          = {10.1101/2023.10.20.563302},
	url          = {http://biorxiv.org/lookup/doi/10.1101/2023.10.20.563302},
	urldate      = {2024},
	institution  = {Cancer Biology},
	type         = {preprint},
	year         = {2023},
	langid       = {english},
}

@article{laird_dynamics_1964,
	title        = {Dynamics of Tumour Growth},
	author       = {Laird, Anna Kane},
	volume       = 18,
	number       = 3,
	pages        = {490--502},
	issn         = {0007-0920},
	url          = {https://www.ncbi.nlm.nih.gov/pmc/articles/PMC2071101/},
	urldate      = {2024},
	journaltitle = {British Journal of Cancer},
	shortjournal = {Br J Cancer},
	year         = {1964},
	pmid         = 14219541,
	pmcid        = {PMC2071101},
}

@article{vaghi_population_2020,
	title        = {Population modeling of tumor growth curves and the reduced Gompertz model improve prediction of the age of experimental tumors},
	author       = {Vaghi, Cristina and Rodallec, Anne and Fanciullino, Raphaëlle and Ciccolini, Joseph and Mochel, Jonathan P. and Mastri, Michalis and Poignard, Clair and Ebos, John M. L. and Benzekry, Sébastien},
	volume       = 16,
	number       = 2,
	pages        = {e1007178},
	doi          = {10.1371/journal.pcbi.1007178},
	issn         = {1553-7358},
	url          = {https://dx.plos.org/10.1371/journal.pcbi.1007178},
	urldate      = {2024},
	journaltitle = {{PLOS} Computational Biology},
	shortjournal = {{PLoS} Comput Biol},
	editor       = {Agur, Z},
	year         = {2020},
	langid       = {english},
}

@article{patrone_how_2011,
	title        = {How long have I had my cancer, doctor? Estimating tumor age via Collins' law},
	shorttitle   = {How long have I had my cancer, doctor?},
	author       = {Patrone, Michael V. and Hubbs, Jessica L. and Bailey, Janet E. and Marks, Lawrence B.},
	volume       = 25,
	number       = 1,
	pages        = {38--43, 46},
	issn         = {0890-9091},
	journaltitle = {Oncology (Williston Park, N.Y.)},
	shortjournal = {Oncology (Williston Park)},
	year         = {2011},
	pmid         = 21361242,
}

@article{rashid_mortality_2024,
	title        = {Mortality from leading cancers in districts of England from 2002 to 2019: a population-based, spatiotemporal study},
	shorttitle   = {Mortality from leading cancers in districts of England from 2002 to 2019},
	author       = {Rashid, Theo and Bennett, James E and Muller, David C and Cross, Amanda J and Pearson-Stuttard, Jonathan and Asaria, Perviz and Daby, Hima Iyathooray and Fecht, Daniela and Davies, Bethan and Ezzati, Majid},
	volume       = 25,
	number       = 1,
	pages        = {86--98},
	doi          = {10.1016/S1470-2045(23)00530-2},
	issn         = 14702045,
	url          = {https://linkinghub.elsevier.com/retrieve/pii/S1470204523005302},
	urldate      = {2024},
	journaltitle = {The Lancet Oncology},
	shortjournal = {The Lancet Oncology},
	year         = {2024},
	langid       = {english},
}

@article{shannon_mathematical_1948,
	title        = {A mathematical theory of communication},
	author       = {Shannon, C. E.},
	volume       = 27,
	number       = 3,
	pages        = {379--423},
	doi          = {10.1002/j.1538-7305.1948.tb01338.x},
	issn         = {0005-8580},
	url          = {https://ieeexplore.ieee.org/document/6773024},
	urldate      = {2024},
	journaltitle = {The Bell System Technical Journal},
	year         = {1948},
}

@software{kimverity_kimverityruiindices_2023,
	title        = {kimverity/{RUIindices}},
	author       = {Verity, Kimberley},
	url          = {https://github.com/kimverity/RUIindices},
	urldate      = {2024},
	year         = {2023}
}

@misc{bak_warlock_2023,
	title        = {Warlock: an automated computational workflow for simulating spatially structured tumour evolution},
	shorttitle   = {Warlock},
	author       = {Bak, Maciej and Colyer, Blair and Manojlović, Veselin and Noble, Robert},
	publisher    = {{arXiv}},
	number       = {{arXiv}:2301.07808},
	doi          = {10.48550/arXiv.2301.07808},
	url          = {http://arxiv.org/abs/2301.07808},
	urldate      = {2024},
	year         = {2023},
	eprinttype   = {arxiv},
	eprint       = {2301.07808 [q-bio]},
}

@misc{colyer_seven-step_2023,
	title        = {A seven-step guide to spatial, agent-based modelling of tumour evolution},
	author       = {Colyer, Blair and Bak, Maciej and Basanta, David and Noble, Robert},
	publisher    = {{arXiv}},
	number       = {{arXiv}:2311.03569},
	url          = {http://arxiv.org/abs/2311.03569},
	urldate      = {2024},
	year         = {2023},
	eprinttype   = {arxiv},
	eprint       = {2311.03569 [q-bio]},
}

@online{cancer_research_uk_cancer_2015,
	title        = {Cancer mortality statistics},
	author       = {Cancer Research {UK}},
	url          = {https://www.cancerresearchuk.org/health-professional/cancer-statistics/mortality},
	urldate      = {2024},
	titleaddon   = {Cancer Research {UK}},
	year         = {2015},
	langid       = {english},
}

@online{noauthor_financial_nodate,
    author       = {National Cancer Institute},
	title        = {Financial Burden of Cancer Care {\textbar} Cancer Trends Progress Report},
	url          = {https://progressreport.cancer.gov/after/economic\%5Fburden},
	urldate      = {2024},
    year         = {2020},
}

@article{bull_quantification_2023,
	title        = {Quantification of spatial and phenotypic heterogeneity in an agent-based model of tumour-macrophage interactions},
	author       = {Bull, Joshua A. and Byrne, Helen M.},
	volume       = 19,
	number       = 3,
	pages        = {e1010994},
	doi          = {10.1371/journal.pcbi.1010994},
	issn         = {1553-7358},
	url          = {https://journals.plos.org/ploscompbiol/article?id=10.1371/journal.pcbi.1010994},
	urldate      = {2024},
	journaltitle = {{PLOS} Computational Biology},
	shortjournal = {{PLOS} Computational Biology},
	year         = {2023},
	langid       = {english},
}

@article{ghaffarizadeh_physicell_2018,
	title        = {{PhysiCell}: An open source physics-based cell simulator for 3-D multicellular systems},
	shorttitle   = {{PhysiCell}},
	author       = {Ghaffarizadeh, Ahmadreza and Heiland, Randy and Friedman, Samuel H. and Mumenthaler, Shannon M. and Macklin, Paul},
	volume       = 14,
	number       = 2,
	pages        = {e1005991},
	doi          = {10.1371/journal.pcbi.1005991},
	issn         = {1553-7358},
	url          = {https://journals.plos.org/ploscompbiol/article?id=10.1371/journal.pcbi.1005991},
	urldate      = {2024},
	journaltitle = {{PLOS} Computational Biology},
	shortjournal = {{PLOS} Computational Biology},
	year         = {2018},
	langid       = {english},
}

@article{tavare_inferring_1997,
	title        = {Inferring Coalescence Times from {DNA} Sequence Data},
	author       = {Tavare, S. and Balding, D. J. and Griffiths, R. C. and Donnelly, P.},
	volume       = 145,
	number       = 2,
	pages        = {505--518},
	issn         = {0016-6731},
	url          = {https://www.ncbi.nlm.nih.gov/pmc/articles/PMC1207814/},
	urldate      = {2024},
	journaltitle = {Genetics},
	shortjournal = {Genetics},
	year         = {1997},
	pmid         = 9071603,
	pmcid        = {PMC1207814},
}

@article{sunnaker_approximate_2013,
	title        = {Approximate Bayesian Computation},
	author       = {Sunnåker, Mikael and Busetto, Alberto Giovanni and Numminen, Elina and Corander, Jukka and Foll, Matthieu and Dessimoz, Christophe},
	volume       = 9,
	number       = 1,
	pages        = {e1002803},
	doi          = {10.1371/journal.pcbi.1002803},
	issn         = {1553-7358},
	url          = {https://journals.plos.org/ploscompbiol/article?id=10.1371/journal.pcbi.1002803},
	urldate      = {2024},
	journaltitle = {{PLOS} Computational Biology},
	shortjournal = {{PLOS} Computational Biology},
	year         = {2013},
	langid       = {english},
}

@article{knuth_semantics_1968,
	title        = {Semantics of context-free languages},
	author       = {Knuth, Donald E.},
	volume       = 2,
	number       = 2,
	pages        = {127--145},
	doi          = {10.1007/BF01692511},
	issn         = {1433-0490},
	url          = {https://doi.org/10.1007/BF01692511},
	urldate      = {2024},
	journaltitle = {Mathematical systems theory},
	shortjournal = {Math. Systems Theory},
	year         = {1968},
	langid       = {english},
}

@book{chomsky_syntactic_1957,
	title        = {Syntactic structures},
	author       = {Chomsky, Noem},
	location     = {Oxford, England},
	publisher    = {Mouton},
	series       = {Syntactic structures},
	pagetotal    = 116,
	year         = 1957,
}

@article{strobl_spatial_2022,
	title        = {Spatial structure impacts adaptive therapy by shaping intra-tumoral competition},
	author       = {Strobl, Maximilian A. R. and Gallaher, Jill and West, Jeffrey and Robertson-Tessi, Mark and Maini, Philip K. and Anderson, Alexander R. A.},
	volume       = 2,
	number       = 1,
	pages        = {1--18},
	doi          = {10.1038/s43856-x},
	issn         = {2730-664X},
	url          = {https://www.nature.com/articles/s43856-x},
	urldate      = {2024},
	rights       = {2022 The Author(s)},
	journaltitle = {Communications Medicine},
	shortjournal = {Commun Med},
	year         = {2022},
	langid       = {english},
}

@book{knuth_art_1997,
	title        = {The art of computer programming, volume 1 (3rd ed.): fundamental algorithms},
	shorttitle   = {The art of computer programming, volume 1 (3rd ed.)},
	author       = {Knuth, Donald E.},
	location     = {{USA}},
	publisher    = {Addison Wesley Longman Publishing Co., Inc.},
	isbn         = {978},
	pagetotal    = 650,
	year         = 1997
}

@article{de_melo_quintela_theoretical_2022,
	title        = {A theoretical analysis of the scale separation in a model to predict solid tumour growth},
	author       = {de Melo Quintela, Bárbara and Hervas-Raluy, Silvia and Garcia-Aznar, Jose Manuel and Walker, Dawn and Wertheim, Kenneth Y. and Viceconti, Marco},
	volume       = 547,
	pages        = 111173,
	doi          = {10.1016/j.jtbi.2022.111173},
	issn         = {0022-5193},
	url          = {https://www.sciencedirect.com/science/article/pii/S0022519322001710},
	urldate      = {2024},
	journaltitle = {Journal of Theoretical Biology},
	shortjournal = {Journal of Theoretical Biology},
	year         = {2022},
}

@article{king_simple_2021,
	title        = {A simple derivation of the mean of the Sackin index of tree balance under the uniform model on rooted binary labeled trees},
	author       = {King, Matthew C. and Rosenberg, Noah A.},
	volume       = 342,
	pages        = 108688,
	doi          = {10.1016/j.mbs.2021.108688},
	issn         = {0025-5564},
	url          = {https://www.sciencedirect.com/science/article/pii/S0025556421001115},
	urldate      = {2024},
	journaltitle = {Mathematical Biosciences},
	shortjournal = {Mathematical Biosciences},
	year         = {2021},
}

@article{kimura_estimation_1981,
	title        = {Estimation of evolutionary distances between homologous nucleotide sequences.},
	author       = {Kimura, M},
	volume       = 78,
	number       = 1,
	pages        = {454--458},
	issn         = {0027-8424},
	url          = {https://www.ncbi.nlm.nih.gov/pmc/articles/PMC319072/},
	urldate      = {2024},
	journaltitle = {Proceedings of the National Academy of Sciences of the United States of America},
	shortjournal = {Proc Natl Acad Sci U S A},
	year         = {1981},
	pmid         = 6165991,
	pmcid        = {PMC319072},
}

@article{bravo_hybrid_2020,
	title        = {Hybrid Automata Library: A flexible platform for hybrid modeling with real-time visualization},
	shorttitle   = {Hybrid Automata Library},
	author       = {Bravo, Rafael R. and Baratchart, Etienne and West, Jeffrey and Schenck, Ryan O. and Miller, Anna K. and Gallaher, Jill and Gatenbee, Chandler D. and Basanta, David and Robertson-Tessi, Mark and Anderson, Alexander R. A.},
	volume       = 16,
	number       = 3,
	pages        = {e1007635},
	doi          = {10.1371/journal.pcbi.1007635},
	issn         = {1553-7358},
	url          = {https://journals.plos.org/ploscompbiol/article?id=10.1371/journal.pcbi.1007635},
	urldate      = {2024},
	journaltitle = {{PLOS} Computational Biology},
	shortjournal = {{PLOS} Computational Biology},
	year         = {2020},
	langid       = {english},
}

@article{sottoriva_big_2015,
	title        = {A Big Bang model of human colorectal tumor growth},
	author       = {Sottoriva, Andrea and Kang, Haeyoun and Ma, Zhicheng and Graham, Trevor A. and Salomon, Matthew P. and Zhao, Junsong and Marjoram, Paul and Siegmund, Kimberly and Press, Michael F. and Shibata, Darryl and Curtis, Christina},
	volume       = 47,
	number       = 3,
	pages        = {209--216},
	doi          = {10.1038/ng.3214},
	issn         = {1546-1718},
	url          = {https://www.nature.com/articles/ng.3214},
	urldate      = {2024},
	rights       = {2015 Springer Nature America, Inc.},
	journaltitle = {Nature Genetics},
	shortjournal = {Nat Genet},
	year         = {2015},
	langid       = {english},
}

@article{sottoriva_single-molecule_2013,
	title        = {Single-molecule genomic data delineate patient-specific tumor profiles and cancer stem cell organization},
	author       = {Sottoriva, Andrea and Spiteri, Inmaculada and Shibata, Darryl and Curtis, Christina and Tavaré, Simon},
	volume       = 73,
	number       = 1,
	pages        = {41--49},
	doi          = {10.1158/0008-5472.CAN},
	issn         = {1538-7445},
	journaltitle = {Cancer Research},
	shortjournal = {Cancer Res},
	year         = {2013},
	pmid         = 23090114,
	pmcid        = {PMC3544316},
}

@article{fleming_colorectal_2012,
	title        = {Colorectal carcinoma: Pathologic aspects},
	shorttitle   = {Colorectal carcinoma},
	author       = {Fleming, Matthew and Ravula, Sreelakshmi and Tatishchev, Sergei F. and Wang, Hanlin L.},
	volume       = 3,
	number       = 3,
	pages        = {153--173},
	doi          = {10.3978/j.issn.2078-6891.2012.030},
	issn         = {2078-6891},
	url          = {https://www.ncbi.nlm.nih.gov/pmc/articles/PMC3418538/},
	urldate      = {2024},
	journaltitle = {Journal of Gastrointestinal Oncology},
	shortjournal = {J Gastrointest Oncol},
	year         = {2012},
	pmid         = 22943008,
	pmcid        = {PMC3418538},
}

@article{fearon_genetic_1990,
	title        = {A genetic model for colorectal tumorigenesis},
	author       = {Fearon, Eric R. and Vogelstein, Bert},
	volume       = 61,
	number       = 5,
	pages        = {759--767},
	doi          = {10.1016/0092-8674(90)90186-I},
	issn         = {00928674},
	url          = {https://linkinghub.elsevier.com/retrieve/pii/009286749090186I},
	urldate      = {2024},
	journaltitle = {Cell},
	shortjournal = {Cell},
	year         = {1990},
	langid       = {english},
}

@article{dinh_statistical_2020,
	title        = {Statistical Inference for the Evolutionary History of Cancer Genomes},
	author       = {Dinh, Khanh N. and Jaksik, Roman and Kimmel, Marek and Lambert, Amaury and Tavaré, Simon},
	volume       = 35,
	number       = 1,
	pages        = {129--144},
	doi          = {10.1214/19-STS7561},
	issn         = {0883-4237, 2168-8745},
	url          = {https://projecteuclid.org/journals/statistical-science/volume-35/issue-1/Statistical-Inference-for-the-Evolutionary-History-of-Cancer-Genomes/10.1214/19-STS7561.full},
	urldate      = {2024},
	journaltitle = {Statistical Science},
	year         = {2020},
}

@article{tung_signatures_2021,
	title        = {Signatures of neutral evolution in exponentially growing tumors: A theoretical perspective},
	shorttitle   = {Signatures of neutral evolution in exponentially growing tumors},
	author       = {Tung, Hwai-Ray and Durrett, Rick},
	volume       = 17,
	number       = 2,
	pages        = {e1008701},
	doi          = {10.1371/journal.pcbi.1008701},
	issn         = {1553-7358},
	url          = {https://journals.plos.org/ploscompbiol/article?id=10.1371/journal.pcbi.1008701},
	urldate      = {2024},
	journaltitle = {{PLOS} Computational Biology},
	shortjournal = {{PLOS} Computational Biology},
	year         = {2021},
	langid       = {english},
}

@article{jagiella_parallelization_2017,
	title        = {Parallelization and High-Performance Computing Enables Automated Statistical Inference of Multi-scale Models},
	author       = {Jagiella, Nick and Rickert, Dennis and Theis, Fabian J. and Hasenauer, Jan},
	volume       = 4,
	number       = 2,
	pages        = {194--206.e9},
	doi          = {10.1016/j.cels.2016.12.002},
	issn         = {2405-4712},
	journaltitle = {Cell Systems},
	shortjournal = {Cell Syst},
	year         = {2017},
	pmid         = 28089542,
}

@article{rubin_bayesianly_1984,
	title        = {Bayesianly Justifiable and Relevant Frequency Calculations for the Applied Statistician},
	author       = {Rubin, Donald B.},
	volume       = 12,
	number       = 4,
	pages        = {1151--1172},
	doi          = {10.1214/aos/1176346785},
	issn         = {0090-5364, 2168-8966},
	url          = {https://projecteuclid.org/journals/annals-of-statistics/volume-12/issue-4/Bayesianly-Justifiable-and-Relevant-Frequency-Calculations-for-the-Applied-Statistician/10.1214/aos/1176346785.full},
	urldate      = {2024},
	journaltitle = {The Annals of Statistics},
	year         = {1984},
}

@book{bayes_essay_1763,
	title        = {An Essay towards Solving a Problem in the Doctrine of Chances. By the Late Rev. Mr. Bayes, F. R. S. Communicated by Mr. Price, in a Letter to John Canton, A. M. F. R. S.},
	author       = {Bayes, M. and Price, M.},
	publisher    = {Royal Society of London},
	url          = {http://archive.org/details/philtrans09948070},
	urldate      = {2024},
	rights       = {http://creativecommons.org/publicdomain/mark/1.0/},
	year         = {1763},
}

@article{prangle_adapting_2017,
	title        = {Adapting the {ABC} Distance Function},
	author       = {Prangle, Dennis},
	volume       = 12,
	number       = 1,
	pages        = {289--309},
	doi          = {10.1214/16-BA1002},
	issn         = {1936-0975, 1931-6690},
	url          = {https://projecteuclid.org/journals/bayesian-analysis/volume-12/issue-1/Adapting-the-ABC-Distance-Function/10.1214/16-BA1002.full},
	urldate      = {2024},
	journaltitle = {Bayesian Analysis},
	year         = {2017},
}

@article{blum_comparative_2013,
	title        = {A Comparative Review of Dimension Reduction Methods in Approximate Bayesian Computation},
	author       = {Blum, M. G. B. and Nunes, M. A. and Prangle, D. and Sisson, S. A.},
	volume       = 28,
	number       = 2,
	pages        = {189--208},
	doi          = {10.1214/12-STS406},
	issn         = {0883-4237, 2168-8745},
	url          = {https://projecteuclid.org/journals/statistical-science/volume-28/issue-2/A-Comparative-Review-of-Dimension-Reduction-Methods-in-Approximate-Bayesian/10.1214/12-STS406.full},
	urldate      = {2024},
	journaltitle = {Statistical Science},
	year         = {2013},
}

@article{kuipers_single-cell_2017,
	title        = {Single-cell sequencing data reveal widespread recurrence and loss of mutational hits in the life histories of tumors},
	author       = {Kuipers, Jack and Jahn, Katharina and Raphael, Benjamin J. and Beerenwinkel, Niko},
	volume       = 27,
	number       = 11,
	pages        = {1885--1894},
	doi          = {10.1101/gr.220707.117},
	issn         = {1088-9051},
	url          = {https://www.ncbi.nlm.nih.gov/pmc/articles/PMC5668945/},
	urldate      = {2024},
	journaltitle = {Genome Research},
	shortjournal = {Genome Res},
	year         = {2017},
	pmid         = 29030470,
	pmcid        = {PMC5668945},
}

@article{hasegawa_dating_1985,
	title        = {Dating of the human-ape splitting by a molecular clock of mitochondrial {DNA}},
	author       = {Hasegawa, M. and Kishino, H. and Yano, T.},
	volume       = 22,
	number       = 2,
	pages        = {160--174},
	doi          = {10.1007/BF02101694},
	issn         = {0022-2844},
	journaltitle = {Journal of Molecular Evolution},
	shortjournal = {J Mol Evol},
	year         = 1985,
	pmid         = 3934395,
}

@article{merlo_cancer_2006,
	title        = {Cancer as an evolutionary and ecological process},
	author       = {Merlo, Lauren M. F. and Pepper, John W. and Reid, Brian J. and Maley, Carlo C.},
	volume       = 6,
	number       = 12,
	pages        = {924--935},
	doi          = {10.1038/nrc2013},
	issn         = {1474-175X},
	journaltitle = {Nature Reviews. Cancer},
	shortjournal = {Nat Rev Cancer},
	year         = {2006},
	pmid         = 17109012,
}

@article{west_survey_2023,
	title        = {A survey of open questions in adaptive therapy: Bridging mathematics and clinical translation},
	shorttitle   = {A survey of open questions in adaptive therapy},
	author       = {West, Jeffrey and Adler, Fred and Gallaher, Jill and Strobl, Maximilian and Brady-Nicholls, Renee and Brown, Joel and Roberson-Tessi, Mark and Kim, Eunjung and Noble, Robert and Viossat, Yannick and Basanta, David and Anderson, Alexander {RA}},
	volume       = 12,
	pages        = {e84263},
	doi          = {10.7554/eLife.84263},
	issn         = {2050-084X},
	url          = {https://doi.org/10.7554/eLife.84263},
	urldate      = {2024},
	journaltitle = {{eLife}},
	editor       = {White, Richard M},
	year         = {2023},
}

@article{mcdonald_currently_2018,
	title        = {Currently available bulk sequencing data do not necessarily support a model of neutral tumor evolution},
	author       = {{McDonald}, Thomas O. and Chakrabarti, Shaon and Michor, Franziska},
	volume       = 50,
	number       = 12,
	pages        = {1620--1623},
	doi          = {10.1038/s41588-6},
	issn         = {1546-1718},
	url          = {https://www.nature.com/articles/s41588-6},
	urldate      = {2024},
	rights       = {2018 The Author(s), under exclusive licence to Springer Nature America, Inc.},
	journaltitle = {Nature Genetics},
	shortjournal = {Nat Genet},
	year         = {2018},
	langid       = {english},
}

@article{toni_simulation-based_2010,
	title        = {Simulation-based model selection for dynamical systems in systems and population biology},
	author       = {Toni, Tina and Stumpf, Michael P. H.},
	volume       = 26,
	number       = 1,
	pages        = {104--110},
	doi          = {10.1093/bioinformatics/btp619},
	issn         = {1367-4811, 1367-4803},
	url          = {https://academic.oup.com/bioinformatics/article/26/1/104/182571},
	urldate      = {2024},
	journaltitle = {Bioinformatics},
	year         = {2010},
	langid       = {english},
}

@article{tariq_colorectal_2016,
	title        = {Colorectal cancer carcinogenesis: a review of mechanisms},
	shorttitle   = {Colorectal cancer carcinogenesis},
	author       = {Tariq, Kanwal and Ghias, Kulsoom},
	volume       = 13,
	number       = 1,
	pages        = {120--135},
	doi          = {10.28092/j.issn.2095-3941.2015.0103},
	issn         = {2095-3941},
	url          = {https://www.ncbi.nlm.nih.gov/pmc/articles/PMC4850121/},
	urldate      = {2024},
	journaltitle = {Cancer Biology \& Medicine},
	shortjournal = {Cancer Biol Med},
	year         = {2016},
	pmid         = 27144067,
	pmcid        = {PMC4850121},
}

@article{hong_using_2010,
	title        = {Using {DNA} Methylation Patterns to Infer Tumor Ancestry},
	author       = {Hong, You and Marjoram, Paul and Shibata, Darryl and Siegmund, Kimberly},
	volume       = 5,
	pages        = {e12002},
	doi          = {10.1371/journal.pone.0012002},
	journaltitle = {{PloS} one},
	shortjournal = {{PloS} one},
	year         = {2010},
}

@article{siegmund_high_2011,
	title        = {High {DNA} Methylation Pattern Intratumoral Diversity Implies Weak Selection in Many Human Colorectal Cancers},
	author       = {Siegmund, Kimberly and Marjoram, Paul and Tavaré, Simon and Shibata, Darryl},
	volume       = 6,
	pages        = {e21657},
	doi          = {10.1371/journal.pone.0021657},
	journaltitle = {{PloS} one},
	shortjournal = {{PloS} one},
	year         = {2011},
}

@article{siegmund_modeling_2008,
	title        = {Modeling {DNA} Methylation in a Population of Cancer Cells},
	author       = {Siegmund, Kimberly and Marjoram, Paul and Shibata, Darryl},
	volume       = 7,
	pages        = {Article 18},
	doi          = {10.2202/1544-6115.1374},
	journaltitle = {Statistical applications in genetics and molecular biology},
	shortjournal = {Statistical applications in genetics and molecular biology},
	year         = {2008}
}

@article{schalte_pyabc_2022,
	title        = {{pyABC}: Efficient and robust easy-to-use approximate Bayesian computation},
	shorttitle   = {{pyABC}},
	author       = {Schälte, Yannik and Klinger, Emmanuel and Alamoudi, Emad and Hasenauer, Jan},
	volume       = 7,
	number       = 74,
	pages        = 4304,
	doi          = {10.21105/joss.04304},
	issn         = {2475-9066},
	url          = {https://joss.theoj.org/papers/10.21105/joss.04304},
	urldate      = {2024},
	journaltitle = {Journal of Open Source Software},
	year         = {2022},
	langid       = {english},
}

@article{klinger_pyabc_2018,
	title        = {{pyABC}: distributed, likelihood-free inference},
	shorttitle   = {{pyABC}},
	author       = {Klinger, Emmanuel and Rickert, Dennis and Hasenauer, Jan},
	volume       = 34,
	number       = 20,
	pages        = {3591--3593},
	doi          = {10.1093/bioinformatics/bty361},
	issn         = {1367-4803},
	url          = {https://doi.org/10.1093/bioinformatics/bty361},
	urldate      = {2024},
	journaltitle = {Bioinformatics},
	shortjournal = {Bioinformatics},
	year         = {2018},
}

@article{eiseley_tempo_1945,
	title        = {Tempo and mode in evolution. By George Gaylord Simpson. Columbia University Press, New York City, 1944. 217 pp. of text, bibliography, and index. 36 figures, 19 tables. Price \$3.50},
	author       = {Eiseley, Loren C.},
	volume       = 3,
	number       = 2,
	pages        = {208--209},
	doi          = {10.1002/ajpa.1330030215},
	issn         = {1096-8644},
	url          = {https://onlinelibrary.wiley.com/doi/abs/10.1002/ajpa.1330030215},
	urldate      = {2024},
	rights       = {Copyright © 1945 Wiley-Liss, Inc., A Wiley Company},
	journaltitle = {American Journal of Physical Anthropology},
	year         = 1945,
	langid       = {english},
}

@article{yotoko_does_2011,
	title        = {Does Variation in Genome Sizes Reflect Adaptive or Neutral Processes? New Clues from Passiflora},
	shorttitle   = {Does Variation in Genome Sizes Reflect Adaptive or Neutral Processes?},
	author       = {Yotoko, Karla S. C. and Dornelas, Marcelo C. and Togni, Pakisa D. and Fonseca, Tamara C. and Salzano, Francisco M. and Bonatto, Sandro L. and Freitas, Loreta B.},
	volume       = 6,
	number       = 3,
	pages        = {e18212},
	doi          = {10.1371/journal.pone.0018212},
	issn         = {1932-6203},
	url          = {https://journals.plos.org/plosone/article?id=10.1371/journal.pone.0018212},
	urldate      = {2024},
	journaltitle = {{PLOS} {ONE}},
	shortjournal = {{PLOS} {ONE}},
	year         = {2011},
	langid       = {english},
}

@article{wolf_genome_2013,
	title        = {Genome reduction as the dominant mode of evolution},
	author       = {Wolf, Yuri I. and Koonin, Eugene V.},
	volume       = 35,
	number       = 9,
	pages        = {829--837},
	doi          = {10.1002/bies.201300037},
	issn         = {1521-1878},
	url          = {https://onlinelibrary.wiley.com/doi/abs/10.1002/bies.201300037},
	urldate      = {2024},
	rights       = {Copyright Published 2013. This article is a U.S. Government work and is in the public domain in the {USA}. Bioessays published by {WILEY} Periodicals, Inc.},
	journaltitle = {{BioEssays}},
	year         = 2013,
	langid       = {english},
}

@article{glassman_cancer_1996,
	title        = {Cancer, evolution and birth: Reliving our ancestral past},
	shorttitle   = {Cancer, evolution and birth},
	author       = {Glassman, M. L. and De Groot, N. and Hochberg, A.},
	volume       = 46,
	number       = 1,
	pages        = {13--16},
	doi          = {10.1016/S0306-9877(96)90227-3},
	issn         = {0306-9877},
	url          = {https://www.sciencedirect.com/science/article/pii/S0306987796902273},
	urldate      = {2024},
	journaltitle = {Medical Hypotheses},
	shortjournal = {Medical Hypotheses},
	year         = {1996},
}

@article{simpson_measurement_1949,
	title        = {Measurement of Diversity},
	author       = {Simpson, E. H.},
	volume       = 163,
	number       = 4148,
	pages        = {688--688},
	doi          = {10.1038/163688a0},
	issn         = {1476-4687},
	url          = {https://www.nature.com/articles/163688a0},
	urldate      = {2024},
	rights       = {1949 Springer Nature Limited},
	journaltitle = {Nature},
	year         = {1949},
	langid       = {english},
}

@article{cheek_ancestral_2023,
	title        = {Ancestral reproductive bias in branching processes},
	author       = {Cheek, David and Johnston, Samuel G. G.},
	volume       = 86,
	number       = 5,
	pages        = 70,
	doi          = {10.1007/s00285-7},
	issn         = {1432-1416},
	url          = {https://doi.org/10.1007/s00285-7},
	urldate      = {2024},
	journaltitle = {Journal of Mathematical Biology},
	shortjournal = {J. Math. Biol.},
	year         = {2023},
	langid       = {english},
}

@article{cole_approximations_2007,
	title        = {Approximations for Expected Generation Number},
	author       = {Cole, D. J. and Ridout, M. S. and Morgan, B. J. T. and Byrne, L. J. and Tuite, M. F.},
	volume       = 63,
	number       = 4,
	pages        = {1023--1030},
	doi          = {10.1111/j.1541-0420.2007.00780.x},
	issn         = {0006-341X},
	url          = {https://doi.org/10.1111/j.1541-0420.2007.00780.x},
	urldate      = {2024},
	journaltitle = {Biometrics},
	shortjournal = {Biometrics},
	year         = {2007},
}

@article{kharlamov_generation_1969,
	title        = {On the Generation Numbers of Particles in a Branching Process with Overlapping Generations},
	author       = {Kharlamov, B. P.},
	volume       = 14,
	number       = 1,
	pages        = {44--50},
	doi          = {10.1137/1114005},
	issn         = {0040-585X, 1095-7219},
	url          = {http://epubs.siam.org/doi/10.1137/1114005},
	urldate      = {2024},
	journaltitle = {Theory of Probability \& Its Applications},
	shortjournal = {Theory Probab. Appl.},
	year         = {1969},
	langid       = {english},
}

@article{samuels_distribution_1971,
	title        = {Distribution of the Branching-Process Population among Generations},
	author       = {Samuels, M. L.},
	volume       = 8,
	number       = 4,
	pages        = {655--667},
	doi          = {10.2307/3212230},
	issn         = {0021-9002},
	url          = {https://www.jstor.org/stable/3212230},
	urldate      = {2024},
	journaltitle = {Journal of Applied Probability},
	year         = 1971,
}

@software{manojlovic_vesmanojlovicwalter_2024,
	title        = {vesmanojlovic/walter},
	author       = {Manojlović, Veselin},
	url          = {https://github.com/vesmanojlovic/walter},
	urldate      = {2024},
	rights       = {Apache-2.0},
	year         = {2024}
}

@article{wang_calibration_2024,
	title        = {Calibration of agent based models for monophasic and biphasic tumour growth using approximate Bayesian computation},
	author       = {Wang, Xiaoyu and Jenner, Adrianne L. and Salomone, Robert and Warne, David J. and Drovandi, Christopher},
	volume       = 88,
	number       = 3,
	pages        = 28,
	doi          = {10.1007/s00285-4},
	issn         = {0303-6812},
	url          = {https://www.ncbi.nlm.nih.gov/pmc/articles/PMC10869399/},
	urldate      = {2024},
	journaltitle = {Journal of Mathematical Biology},
	shortjournal = {J Math Biol},
	year         = 2024,
	pmid         = 38358410,
	pmcid        = {PMC10869399},
}

@article{bondi_approximate_2023,
	title        = {Approximate Bayesian computation for the natural history of breast cancer, with application to data from a Milan cohort study},
	author       = {Bondi, Laura and Bonetti, Marco and Grigorova, Denitsa and Russo, Antonio},
	volume       = 42,
	number       = 18,
	pages        = {3093--3113},
	doi          = {10.1002/sim.9756},
	issn         = {1097-0258},
	journaltitle = {Statistics in Medicine},
	shortjournal = {Stat Med},
	year         = {2023},
	pmid         = 37285841,
}

@article{kantorovich_mathematical_1960,
	title        = {Mathematical Methods of Organizing and Planning Production},
	author       = {Kantorovich, L. V.},
	volume       = 6,
	number       = 4,
	pages        = {366--422},
	doi          = {10.1287/mnsc.6.4.366},
	issn         = {0025-1909},
	url          = {https://pubsonline.informs.org/doi/10.1287/mnsc.6.4.366},
	urldate      = {2024},
	journaltitle = {Management Science},
	year         = {1960}
}

@article{mendelaar_defining_2021,
	title        = {Defining the dimensions of circulating tumor cells in a large series of breast, prostate, colon, and bladder cancer patients},
	author       = {Mendelaar, Pauline A. J. and Kraan, Jaco and Van, Mai and Zeune, Leonie L. and Terstappen, Leon W. M. M. and Oomen‐de Hoop, Esther and Martens, John W. M. and Sleijfer, Stefan},
	volume       = 15,
	number       = 1,
	pages        = {116--125},
	doi          = {10.1002/1878-0261.12802},
	issn         = {1574-7891},
	url          = {https://www.ncbi.nlm.nih.gov/pmc/articles/PMC7782084/},
	urldate      = {2024},
	journaltitle = {Molecular Oncology},
	shortjournal = {Mol Oncol},
	year         = {2021},
	pmid         = 32949099,
	pmcid        = {PMC7782084},
}

@article{gehart_tales_2019,
	title        = {Tales from the crypt: new insights into intestinal stem cells},
	shorttitle   = {Tales from the crypt},
	author       = {Gehart, Helmuth and Clevers, Hans},
	volume       = 16,
	number       = 1,
	pages        = {19--34},
	doi          = {10.1038/s41575-y},
	issn         = {1759-5053},
	url          = {https://www.nature.com/articles/s41575-y},
	urldate      = {2024},
	rights       = {2018 Springer Nature Limited},
	journaltitle = {Nature Reviews Gastroenterology \& Hepatology},
	shortjournal = {Nat Rev Gastroenterol Hepatol},
	year         = {2019},
	langid       = {english},
}

@online{noauthor_bowel_2015,
	title        = {Bowel cancer statistics},
	url          = {https://www.cancerresearchuk.org/health-professional/cancer-statistics/statistics-by-cancer-type/bowel-cancer},
	urldate      = {2024},
	titleaddon   = {Cancer Research {UK}},
	year         = {2015},
	langid       = {english},
}

@article{angius_portrait_2021,
	title        = {Portrait of Cancer Stem Cells on Colorectal Cancer: Molecular Biomarkers, Signaling Pathways and {miRNAome}},
	shorttitle   = {Portrait of Cancer Stem Cells on Colorectal Cancer},
	author       = {Angius, Andrea and Scanu, Antonio Mario and Arru, Caterina and Muroni, Maria Rosaria and Rallo, Vincenzo and Deiana, Giulia and Ninniri, Maria Chiara and Carru, Ciriaco and Porcu, Alberto and Pira, Giovanna and Uva, Paolo and Cossu-Rocca, Paolo and De Miglio, Maria Rosaria},
	volume       = 22,
	number       = 4,
	pages        = 1603,
	doi          = {10.3390/ijms22041603},
	issn         = {1422-0067},
	url          = {https://www.ncbi.nlm.nih.gov/pmc/articles/PMC7915330/},
	urldate      = {2024},
	journaltitle = {International Journal of Molecular Sciences},
	shortjournal = {Int J Mol Sci},
	year         = {2021},
	pmid         = 33562604,
	pmcid        = {PMC7915330},
}

@article{munro_cancer_2018,
	title        = {Cancer stem cells in colorectal cancer: a review},
	shorttitle   = {Cancer stem cells in colorectal cancer},
	author       = {Munro, Matthew J and Wickremesekera, Susrutha K and Peng, Lifeng and Tan, Swee T and Itinteang, Tinte},
	volume       = 71,
	number       = 2,
	pages        = {110--116},
	doi          = {10.1136/jclinpath},
	issn         = {0021-9746, 1472-4146},
	url          = {http://jcp.bmj.com/lookup/doi/10.1136/jclinpath},
	urldate      = {2024},
	journaltitle = {Journal of Clinical Pathology},
	shortjournal = {J Clin Pathol},
	year         = {2018},
	langid       = {english},
}

@article{williams_measuring_nodate,
	title        = {Measuring the distribution of fitness effects in somatic evolution by combining clonal dynamics with {dN}/{dS} ratios},
	author       = {Williams, Marc J and Zapata, Luis and Werner, Benjamin and Barnes, Chris P and Sottoriva, Andrea and Graham, Trevor A},
	volume       = 9,
	pages        = {e48714},
	doi          = {10.7554/eLife.48714},
	issn         = {2050-084X},
	url          = {https://www.ncbi.nlm.nih.gov/pmc/articles/PMC7105384/},
	urldate      = {2024},
	journaltitle = {{eLife}},
	shortjournal = {{eLife}},
	pmid         = 32223898,
	pmcid        = {PMC7105384},
}

@article{bouckaert_beast_2019,
	title        = {{BEAST} 2.5: An advanced software platform for Bayesian evolutionary analysis},
	shorttitle   = {{BEAST} 2.5},
	author       = {Bouckaert, Remco and Vaughan, Timothy G. and Barido-Sottani, Joëlle and Duchêne, Sebastián and Fourment, Mathieu and Gavryushkina, Alexandra and Heled, Joseph and Jones, Graham and Kühnert, Denise and Maio, Nicola De and Matschiner, Michael and Mendes, Fábio K. and Müller, Nicola F. and Ogilvie, Huw A. and Plessis, Louis du and Popinga, Alex and Rambaut, Andrew and Rasmussen, David and Siveroni, Igor and Suchard, Marc A. and Wu, Chieh-Hsi and Xie, Dong and Zhang, Chi and Stadler, Tanja and Drummond, Alexei J.},
	volume       = 15,
	number       = 4,
	pages        = {e1006650},
	doi          = {10.1371/journal.pcbi.1006650},
	issn         = {1553-7358},
	url          = {https://journals.plos.org/ploscompbiol/article?id=10.1371/journal.pcbi.1006650},
	urldate      = {2024},
	journaltitle = {{PLOS} Computational Biology},
	shortjournal = {{PLOS} Computational Biology},
	year         = {2019},
	langid       = {english},
}

@article{herald_autonomous_2022,
	title        = {Autonomous digitizer calibration of a Monte Carlo detector model through evolutionary simulation},
	author       = {Herald, Matthew and Nicuşan, Andrei and Wheldon, Tzany Kokalova and Seville, Jonathan and Windows-Yule, Christopher},
	volume       = 12,
	number       = 1,
	pages        = 19535,
	doi          = {10.1038/s41598-x},
	issn         = {2045-2322},
	url          = {https://www.nature.com/articles/s41598-x},
	urldate      = {2024},
	rights       = {2022 The Author(s)},
	journaltitle = {Scientific Reports},
	shortjournal = {Sci Rep},
	year         = {2022},
	langid       = {english},
}

@article{heide_co-evolution_2022,
	title        = {The co-evolution of the genome and epigenome in colorectal cancer},
	author       = {Heide, Timon and Househam, Jacob and Cresswell, George D. and Spiteri, Inmaculada and Lynn, Claire and Mossner, Maximilian and Kimberley, Chris and Fernandez-Mateos, Javier and Chen, Bingjie and Zapata, Luis and James, Chela and Barozzi, Iros and Chkhaidze, Ketevan and Nichol, Daniel and Gunasri, Vinaya and Berner, Alison and Schmidt, Melissa and Lakatos, Eszter and Baker, Ann-Marie and Costa, Helena and Mitchinson, Miriam and Piazza, Rocco and Jansen, Marnix and Caravagna, Giulio and Ramazzotti, Daniele and Shibata, Darryl and Bridgewater, John and Rodriguez-Justo, Manuel and Magnani, Luca and Graham, Trevor A. and Sottoriva, Andrea},
	volume       = 611,
	number       = 7937,
	pages        = {733--743},
	doi          = {10.1038/s41586-1},
	issn         = {1476-4687},
	url          = {https://www.nature.com/articles/s41586-1},
	urldate      = {2024},
	rights       = {2022 The Author(s)},
	journaltitle = {Nature},
	year         = {2022},
	langid       = {english},
}

@article{househam_phenotypic_2022,
	title        = {Phenotypic plasticity and genetic control in colorectal cancer evolution},
	author       = {Househam, Jacob and Heide, Timon and Cresswell, George D. and Spiteri, Inmaculada and Kimberley, Chris and Zapata, Luis and Lynn, Claire and James, Chela and Mossner, Maximilian and Fernandez-Mateos, Javier and Vinceti, Alessandro and Baker, Ann-Marie and Gabbutt, Calum and Berner, Alison and Schmidt, Melissa and Chen, Bingjie and Lakatos, Eszter and Gunasri, Vinaya and Nichol, Daniel and Costa, Helena and Mitchinson, Miriam and Ramazzotti, Daniele and Werner, Benjamin and Iorio, Francesco and Jansen, Marnix and Caravagna, Giulio and Barnes, Chris P. and Shibata, Darryl and Bridgewater, John and Rodriguez-Justo, Manuel and Magnani, Luca and Sottoriva, Andrea and Graham, Trevor A.},
	volume       = 611,
	number       = 7937,
	pages        = {744--753},
	doi          = {10.1038/s41586-x},
	issn         = {1476-4687},
	url          = {https://www.nature.com/articles/s41586-x},
	urldate      = {2024},
	rights       = {2022 The Author(s)},
	journaltitle = {Nature},
	year         = {2022},
	langid       = {english},
}

@article{schreck_impact_2023,
	title        = {Impact of crowding on the diversity of expanding populations},
	author       = {Schreck, Carl F. and Fusco, Diana and Karita, Yuya and Martis, Stephen and Kayser, Jona and Duvernoy, Marie-Cécilia and Hallatschek, Oskar},
	volume       = 120,
	number       = 11,
	pages        = {e2208361120},
	doi          = {10.1073/pnas.2208361120},
	url          = {https://www.pnas.org/doi/full/10.1073/pnas.2208361120},
	urldate      = {2024},
	journaltitle = {Proceedings of the National Academy of Sciences},
	year         = {2023},
}

@software{manojlovic_vesmanojlovicmethdemon_2023,
	title        = {vesmanojlovic/methdemon},
	author       = {Manojlović, Veselin},
	url          = {https://github.com/vesmanojlovic/methdemon},
	urldate      = {2024},
	rights       = {{GPL}-3.0},
	year         = {2023}
}

@article{colless_review_1982,
	title        = {Review of Phylogenetics: The Theory and Practice of Phylogenetic Systematics.},
	shorttitle   = {Review of Phylogenetics},
	author       = {Colless, Donald H.},
	volume       = 31,
	number       = 1,
	pages        = {100--104},
	doi          = {10.2307/2413420},
	issn         = {0039-7989},
	url          = {https://www.jstor.org/stable/2413420},
	urldate      = {2024},
	journaltitle = {Systematic Zoology},
	editora      = {Wiley, E. O.},
	editoratype  = {collaborator},
	year         = 1982,
}

@article{freitas_patch_2024,
	title        = {{Patch biogeography under intermittent barriers: macroevolutionary consequences of microevolutionary processes}},
	author       = {Freitas, Osmar and Campos, Paulo R A and Araujo, Sabrina B L},
	year         = 2024,
	month        = {03},
	journal      = {Journal of Evolutionary Biology},
	pages        = {voae035},
	doi          = {10.1093/jeb/voae035},
	issn         = {1010-061X},
	url          = {https://doi.org/10.1093/jeb/voae035},
	eprint       = {https://academic.oup.com/jeb/advance-article-pdf/doi/10.1093/jeb/voae035/57139993/voae035.pdf}
}
